,Date,recession,debt,color,stocks,restaurant,portfolio,inflation,housing,dow jones,revenue,economics,credit,markets,return,unemployment,money,religion,cancer,growth,investment,hedge,marriage,bonds,derivatives,headlines,profit,society,ring,wall street,banks,greed,bribery,insider trading,bankruptcy,recession.1,debt.1,color.1,stocks.1,restaurant.1,portfolio.1,inflation.1,housing.1,dow jones.1,revenue.1,economics.1,credit.1,markets.1,return.1,unemployment.1,money.1,religion.1,cancer.1,growth.1,investment.1,hedge.1,marriage.1,bonds.1,derivatives.1,headlines.1,profit.1,society.1,ring.1,wall street.1,banks.1,greed.1,bribery.1,insider trading.1,bankruptcy.1
0,6/15/14,0.0,6.0,48.0,4.0,62.0,2.0,4.0,40.0,6.0,14.0,1.0,80.0,2.0,11.0,10.0,76.0,8.0,47.0,13.0,9.0,3.0,23.0,6.0,5.0,14.0,71.0,46.0,60.0,14.0,35.0,1.0,2.0,3.0,57.0,3.0,26.0,30.0,8.0,42.0,3.0,10.0,20.0,3.0,10.0,5.0,53.0,7.0,15.0,62.0,13.0,3.0,13.0,1.0,1.0,1.0,10.0,1.0,5.0,14.0,27.0,15.0,12.0,23.0,34.0,3.0,10.0,10.0,18.0
1,6/22/14,0.0,6.0,49.0,4.0,62.0,2.0,4.0,40.0,6.0,14.0,1.0,81.0,2.0,11.0,10.0,78.0,8.0,46.0,14.0,9.0,4.0,26.0,6.0,5.0,13.0,71.0,43.0,59.0,14.0,31.0,1.0,2.0,2.0,60.0,1.0,16.0,30.0,15.0,38.0,1.0,3.0,18.0,1.0,7.0,3.0,62.0,6.0,14.0,58.0,11.0,2.0,13.0,1.0,1.0,0.0,25.0,1.0,4.0,13.0,17.0,14.0,14.0,22.0,18.0,1.0,9.0,2.0,16.0
2,6/29/14,0.0,5.0,48.0,4.0,64.0,2.0,4.0,38.0,6.0,12.0,1.0,82.0,2.0,11.0,10.0,84.0,9.0,42.0,13.0,8.0,3.0,23.0,6.0,5.0,14.0,68.0,41.0,57.0,13.0,37.0,1.0,2.0,2.0,53.0,5.0,17.0,21.0,11.0,34.0,2.0,3.0,17.0,6.0,7.0,3.0,55.0,12.0,18.0,47.0,12.0,2.0,11.0,1.0,1.0,1.0,11.0,1.0,5.0,16.0,25.0,9.0,15.0,18.0,36.0,1.0,4.0,0.0,10.0
3,7/6/14,0.0,6.0,49.0,4.0,64.0,2.0,4.0,42.0,6.0,14.0,1.0,85.0,2.0,11.0,10.0,80.0,9.0,43.0,14.0,9.0,3.0,24.0,6.0,6.0,15.0,75.0,44.0,57.0,14.0,32.0,1.0,2.0,3.0,61.0,1.0,15.0,23.0,13.0,41.0,3.0,3.0,17.0,3.0,6.0,3.0,48.0,4.0,17.0,56.0,10.0,2.0,12.0,1.0,1.0,1.0,9.0,1.0,4.0,14.0,19.0,10.0,11.0,19.0,22.0,0.0,4.0,4.0,20.0
4,7/13/14,0.0,6.0,52.0,4.0,68.0,2.0,4.0,42.0,7.0,15.0,1.0,86.0,2.0,11.0,10.0,78.0,9.0,46.0,14.0,9.0,4.0,24.0,6.0,6.0,14.0,72.0,44.0,59.0,14.0,31.0,1.0,1.0,2.0,62.0,2.0,21.0,15.0,15.0,36.0,1.0,6.0,17.0,6.0,5.0,5.0,50.0,5.0,15.0,44.0,12.0,2.0,11.0,1.0,1.0,1.0,10.0,1.0,4.0,6.0,11.0,39.0,9.0,23.0,15.0,3.0,4.0,6.0,14.0
5,7/20/14,0.0,6.0,51.0,4.0,70.0,2.0,4.0,43.0,6.0,15.0,2.0,84.0,2.0,11.0,10.0,78.0,9.0,44.0,13.0,9.0,4.0,24.0,6.0,5.0,16.0,74.0,42.0,60.0,14.0,31.0,1.0,1.0,2.0,63.0,2.0,18.0,21.0,13.0,38.0,0.0,2.0,20.0,2.0,5.0,3.0,47.0,9.0,14.0,43.0,12.0,4.0,10.0,1.0,2.0,1.0,10.0,1.0,4.0,11.0,22.0,100.0,11.0,18.0,19.0,3.0,2.0,6.0,16.0
6,7/27/14,0.0,6.0,51.0,4.0,69.0,2.0,4.0,43.0,8.0,14.0,1.0,88.0,2.0,11.0,9.0,80.0,9.0,44.0,14.0,9.0,4.0,25.0,6.0,5.0,14.0,75.0,44.0,62.0,13.0,32.0,1.0,1.0,2.0,64.0,2.0,23.0,23.0,20.0,46.0,1.0,3.0,22.0,7.0,7.0,4.0,56.0,8.0,18.0,41.0,13.0,3.0,16.0,1.0,1.0,1.0,19.0,2.0,13.0,17.0,13.0,12.0,20.0,18.0,20.0,1.0,4.0,2.0,20.0
7,8/3/14,0.0,6.0,50.0,4.0,68.0,2.0,4.0,43.0,8.0,13.0,1.0,89.0,2.0,11.0,9.0,77.0,9.0,44.0,13.0,9.0,4.0,23.0,6.0,5.0,13.0,72.0,43.0,59.0,12.0,32.0,1.0,1.0,2.0,61.0,2.0,26.0,21.0,12.0,56.0,2.0,4.0,19.0,7.0,5.0,3.0,63.0,15.0,21.0,31.0,11.0,2.0,12.0,2.0,1.0,1.0,22.0,1.0,5.0,21.0,5.0,11.0,17.0,16.0,27.0,0.0,3.0,4.0,11.0
8,8/10/14,0.0,6.0,50.0,4.0,65.0,2.0,4.0,43.0,7.0,13.0,2.0,88.0,2.0,11.0,8.0,73.0,10.0,43.0,13.0,9.0,3.0,22.0,5.0,5.0,15.0,67.0,63.0,57.0,12.0,30.0,1.0,1.0,2.0,56.0,3.0,17.0,21.0,7.0,45.0,1.0,3.0,17.0,3.0,5.0,4.0,55.0,6.0,9.0,16.0,11.0,3.0,14.0,1.0,1.0,1.0,9.0,1.0,12.0,14.0,14.0,15.0,13.0,12.0,16.0,0.0,5.0,5.0,14.0
9,8/17/14,0.0,5.0,50.0,4.0,63.0,2.0,4.0,42.0,7.0,13.0,2.0,85.0,2.0,11.0,8.0,75.0,9.0,43.0,13.0,9.0,3.0,23.0,6.0,5.0,14.0,74.0,50.0,56.0,12.0,30.0,1.0,1.0,2.0,54.0,2.0,20.0,25.0,11.0,40.0,1.0,14.0,24.0,5.0,7.0,6.0,50.0,5.0,23.0,24.0,11.0,3.0,10.0,1.0,1.0,1.0,9.0,1.0,4.0,17.0,19.0,14.0,15.0,13.0,15.0,0.0,2.0,2.0,15.0
10,8/24/14,0.0,6.0,50.0,4.0,59.0,2.0,4.0,38.0,7.0,13.0,3.0,83.0,2.0,11.0,8.0,76.0,11.0,42.0,14.0,9.0,3.0,22.0,6.0,8.0,16.0,72.0,50.0,55.0,12.0,29.0,1.0,2.0,2.0,55.0,6.0,12.0,17.0,13.0,40.0,3.0,3.0,18.0,4.0,4.0,5.0,53.0,6.0,17.0,16.0,12.0,3.0,10.0,1.0,1.0,0.0,10.0,1.0,4.0,4.0,19.0,16.0,11.0,15.0,17.0,0.0,2.0,10.0,19.0
11,8/31/14,0.0,5.0,51.0,4.0,60.0,2.0,4.0,37.0,5.0,13.0,3.0,84.0,2.0,11.0,8.0,74.0,12.0,47.0,14.0,9.0,3.0,22.0,8.0,10.0,17.0,76.0,49.0,57.0,12.0,29.0,1.0,2.0,1.0,51.0,4.0,7.0,19.0,9.0,41.0,1.0,3.0,14.0,2.0,3.0,4.0,68.0,6.0,14.0,22.0,11.0,3.0,16.0,2.0,1.0,0.0,12.0,1.0,6.0,8.0,18.0,15.0,12.0,18.0,18.0,0.0,2.0,2.0,21.0
12,9/7/14,1.0,6.0,52.0,5.0,56.0,3.0,5.0,35.0,6.0,16.0,3.0,80.0,2.0,12.0,8.0,74.0,13.0,47.0,16.0,9.0,3.0,22.0,8.0,11.0,17.0,86.0,53.0,55.0,12.0,27.0,1.0,2.0,2.0,58.0,0.0,16.0,28.0,13.0,34.0,3.0,2.0,16.0,4.0,5.0,7.0,58.0,7.0,16.0,18.0,13.0,4.0,17.0,2.0,1.0,1.0,11.0,1.0,6.0,15.0,19.0,12.0,13.0,17.0,16.0,0.0,3.0,2.0,20.0
13,9/14/14,1.0,6.0,54.0,5.0,57.0,3.0,5.0,36.0,6.0,16.0,3.0,82.0,2.0,12.0,8.0,74.0,13.0,47.0,17.0,10.0,3.0,22.0,9.0,14.0,17.0,86.0,62.0,56.0,14.0,27.0,1.0,2.0,2.0,56.0,5.0,16.0,28.0,16.0,39.0,1.0,8.0,17.0,3.0,3.0,6.0,57.0,9.0,26.0,16.0,11.0,4.0,15.0,2.0,2.0,2.0,6.0,1.0,4.0,12.0,37.0,19.0,17.0,22.0,14.0,0.0,3.0,3.0,17.0
14,9/21/14,1.0,6.0,55.0,5.0,58.0,3.0,5.0,37.0,7.0,16.0,3.0,81.0,2.0,13.0,8.0,72.0,13.0,49.0,16.0,9.0,3.0,22.0,8.0,16.0,17.0,88.0,61.0,55.0,14.0,27.0,1.0,2.0,2.0,57.0,4.0,11.0,22.0,19.0,41.0,1.0,5.0,16.0,5.0,10.0,10.0,60.0,8.0,28.0,19.0,11.0,4.0,15.0,1.0,2.0,1.0,7.0,1.0,4.0,24.0,36.0,21.0,10.0,48.0,19.0,1.0,7.0,2.0,19.0
15,9/28/14,1.0,6.0,53.0,5.0,56.0,3.0,5.0,36.0,8.0,16.0,3.0,84.0,2.0,13.0,8.0,72.0,14.0,66.0,17.0,10.0,3.0,23.0,8.0,17.0,17.0,87.0,58.0,55.0,13.0,26.0,1.0,2.0,2.0,56.0,3.0,14.0,24.0,21.0,37.0,1.0,2.0,21.0,8.0,5.0,10.0,52.0,6.0,26.0,24.0,8.0,4.0,34.0,1.0,2.0,1.0,8.0,1.0,4.0,18.0,24.0,18.0,15.0,21.0,17.0,1.0,0.0,5.0,24.0
16,10/5/14,1.0,6.0,53.0,5.0,58.0,2.0,5.0,35.0,10.0,16.0,3.0,79.0,2.0,13.0,8.0,70.0,13.0,63.0,17.0,10.0,3.0,35.0,8.0,17.0,17.0,90.0,57.0,55.0,13.0,28.0,1.0,2.0,2.0,58.0,4.0,14.0,25.0,18.0,44.0,2.0,3.0,16.0,11.0,5.0,11.0,50.0,5.0,13.0,14.0,8.0,3.0,34.0,2.0,1.0,0.0,57.0,1.0,4.0,17.0,17.0,15.0,14.0,26.0,24.0,2.0,2.0,2.0,14.0
17,10/12/14,1.0,6.0,53.0,6.0,57.0,3.0,5.0,34.0,16.0,17.0,3.0,81.0,2.0,13.0,8.0,74.0,12.0,58.0,17.0,9.0,4.0,28.0,8.0,17.0,18.0,87.0,55.0,55.0,12.0,32.0,1.0,2.0,2.0,57.0,3.0,12.0,26.0,27.0,41.0,1.0,17.0,17.0,15.0,4.0,10.0,66.0,14.0,15.0,13.0,11.0,4.0,31.0,2.0,1.0,1.0,25.0,1.0,0.0,17.0,19.0,20.0,12.0,25.0,17.0,0.0,2.0,2.0,16.0
18,10/19/14,1.0,6.0,52.0,5.0,58.0,3.0,5.0,35.0,11.0,15.0,3.0,80.0,2.0,14.0,8.0,73.0,13.0,55.0,17.0,10.0,3.0,24.0,8.0,17.0,17.0,95.0,56.0,55.0,12.0,26.0,1.0,2.0,2.0,56.0,4.0,14.0,24.0,13.0,32.0,2.0,10.0,14.0,7.0,5.0,8.0,64.0,7.0,21.0,21.0,9.0,3.0,19.0,2.0,2.0,0.0,13.0,1.0,4.0,8.0,20.0,20.0,10.0,15.0,16.0,2.0,3.0,3.0,20.0
19,10/26/14,1.0,6.0,53.0,5.0,53.0,3.0,6.0,36.0,11.0,16.0,3.0,80.0,2.0,13.0,8.0,72.0,13.0,50.0,17.0,10.0,3.0,23.0,9.0,15.0,17.0,97.0,56.0,55.0,12.0,26.0,1.0,2.0,2.0,56.0,3.0,11.0,19.0,19.0,37.0,2.0,3.0,20.0,6.0,4.0,10.0,54.0,8.0,24.0,17.0,13.0,4.0,19.0,1.0,1.0,1.0,10.0,1.0,0.0,10.0,18.0,23.0,20.0,16.0,13.0,1.0,2.0,4.0,10.0
20,11/2/14,1.0,7.0,52.0,5.0,58.0,3.0,5.0,35.0,9.0,15.0,3.0,84.0,2.0,13.0,8.0,73.0,13.0,49.0,17.0,10.0,3.0,25.0,8.0,14.0,16.0,96.0,56.0,55.0,12.0,29.0,1.0,2.0,2.0,56.0,3.0,11.0,21.0,15.0,41.0,2.0,3.0,12.0,7.0,5.0,4.0,50.0,7.0,24.0,12.0,12.0,2.0,16.0,2.0,1.0,1.0,22.0,1.0,0.0,13.0,42.0,21.0,12.0,13.0,19.0,1.0,0.0,3.0,18.0
21,11/9/14,1.0,6.0,52.0,5.0,59.0,3.0,5.0,34.0,8.0,15.0,3.0,83.0,2.0,13.0,8.0,71.0,12.0,47.0,17.0,10.0,3.0,23.0,8.0,13.0,15.0,95.0,54.0,57.0,12.0,35.0,1.0,2.0,2.0,55.0,3.0,15.0,25.0,12.0,36.0,1.0,5.0,17.0,6.0,7.0,9.0,52.0,7.0,22.0,10.0,12.0,3.0,16.0,1.0,1.0,1.0,16.0,1.0,4.0,14.0,22.0,23.0,14.0,14.0,22.0,1.0,4.0,4.0,27.0
22,11/16/14,1.0,7.0,51.0,5.0,56.0,3.0,5.0,34.0,8.0,15.0,3.0,82.0,2.0,13.0,8.0,75.0,13.0,46.0,16.0,10.0,3.0,24.0,8.0,14.0,16.0,97.0,55.0,62.0,12.0,28.0,1.0,2.0,2.0,55.0,7.0,18.0,25.0,12.0,38.0,4.0,8.0,12.0,3.0,5.0,5.0,54.0,5.0,22.0,20.0,13.0,3.0,15.0,1.0,1.0,1.0,13.0,0.0,4.0,10.0,20.0,22.0,16.0,13.0,14.0,1.0,2.0,2.0,13.0
23,11/23/14,1.0,5.0,48.0,4.0,54.0,2.0,5.0,26.0,6.0,10.0,2.0,76.0,2.0,12.0,7.0,70.0,11.0,36.0,13.0,7.0,2.0,19.0,6.0,8.0,13.0,71.0,46.0,67.0,11.0,28.0,1.0,1.0,1.0,39.0,0.0,15.0,29.0,10.0,44.0,1.0,3.0,10.0,2.0,2.0,4.0,53.0,5.0,15.0,13.0,8.0,2.0,10.0,2.0,1.0,1.0,8.0,1.0,4.0,6.0,23.0,17.0,12.0,12.0,12.0,3.0,4.0,0.0,11.0
24,11/30/14,1.0,7.0,52.0,5.0,52.0,3.0,6.0,34.0,8.0,14.0,3.0,86.0,2.0,13.0,9.0,77.0,13.0,43.0,17.0,10.0,3.0,21.0,9.0,12.0,15.0,92.0,56.0,65.0,12.0,29.0,1.0,2.0,2.0,56.0,3.0,21.0,34.0,14.0,30.0,1.0,5.0,17.0,4.0,5.0,5.0,58.0,6.0,13.0,14.0,14.0,3.0,12.0,2.0,1.0,1.0,7.0,1.0,4.0,14.0,18.0,21.0,14.0,15.0,15.0,0.0,2.0,3.0,14.0
25,12/7/14,1.0,7.0,53.0,5.0,56.0,3.0,6.0,32.0,9.0,15.0,3.0,83.0,2.0,14.0,9.0,77.0,14.0,44.0,17.0,9.0,3.0,21.0,9.0,16.0,15.0,92.0,55.0,69.0,15.0,27.0,1.0,2.0,3.0,53.0,4.0,19.0,32.0,18.0,40.0,2.0,9.0,14.0,8.0,5.0,7.0,47.0,9.0,12.0,17.0,13.0,3.0,17.0,2.0,1.0,0.0,7.0,1.0,0.0,10.0,23.0,25.0,14.0,14.0,19.0,1.0,2.0,8.0,15.0
26,12/14/14,1.0,6.0,52.0,6.0,59.0,3.0,5.0,31.0,12.0,14.0,3.0,84.0,2.0,14.0,9.0,76.0,13.0,40.0,15.0,9.0,3.0,20.0,9.0,13.0,13.0,79.0,49.0,68.0,24.0,29.0,1.0,2.0,2.0,50.0,4.0,12.0,29.0,28.0,39.0,1.0,12.0,20.0,10.0,8.0,5.0,76.0,6.0,21.0,10.0,12.0,2.0,11.0,1.0,2.0,1.0,7.0,1.0,5.0,20.0,20.0,19.0,15.0,19.0,20.0,0.0,2.0,4.0,6.0
27,12/21/14,0.0,4.0,46.0,5.0,67.0,2.0,3.0,24.0,9.0,8.0,1.0,80.0,2.0,13.0,8.0,73.0,10.0,34.0,10.0,6.0,2.0,18.0,5.0,3.0,12.0,49.0,39.0,76.0,19.0,33.0,1.0,1.0,2.0,36.0,3.0,10.0,30.0,11.0,47.0,2.0,0.0,10.0,4.0,3.0,2.0,47.0,9.0,20.0,7.0,10.0,1.0,10.0,2.0,1.0,1.0,7.0,1.0,5.0,21.0,8.0,17.0,10.0,10.0,32.0,0.0,3.0,0.0,14.0
28,12/28/14,0.0,5.0,48.0,5.0,73.0,2.0,3.0,30.0,7.0,10.0,1.0,88.0,2.0,14.0,9.0,78.0,9.0,37.0,11.0,7.0,2.0,22.0,5.0,3.0,14.0,58.0,42.0,71.0,18.0,29.0,1.0,1.0,1.0,42.0,3.0,12.0,20.0,9.0,43.0,2.0,4.0,14.0,3.0,4.0,6.0,59.0,6.0,24.0,13.0,9.0,1.0,14.0,1.0,1.0,0.0,9.0,1.0,5.0,19.0,12.0,12.0,12.0,12.0,20.0,0.0,0.0,2.0,7.0
29,1/4/15,1.0,6.0,51.0,6.0,58.0,2.0,4.0,40.0,12.0,14.0,2.0,86.0,2.0,16.0,11.0,79.0,12.0,53.0,15.0,9.0,4.0,25.0,7.0,8.0,17.0,76.0,48.0,61.0,15.0,29.0,1.0,2.0,2.0,57.0,4.0,8.0,33.0,17.0,36.0,3.0,5.0,27.0,8.0,5.0,12.0,53.0,5.0,21.0,18.0,10.0,4.0,19.0,2.0,1.0,4.0,21.0,1.0,4.0,15.0,28.0,20.0,15.0,19.0,15.0,1.0,6.0,4.0,16.0
30,1/11/15,1.0,6.0,53.0,6.0,63.0,3.0,5.0,40.0,10.0,16.0,3.0,87.0,2.0,16.0,10.0,77.0,13.0,43.0,16.0,9.0,3.0,24.0,7.0,10.0,16.0,82.0,50.0,61.0,14.0,27.0,1.0,2.0,2.0,59.0,4.0,12.0,26.0,18.0,35.0,2.0,11.0,17.0,6.0,5.0,9.0,61.0,3.0,23.0,11.0,12.0,3.0,11.0,2.0,2.0,1.0,14.0,1.0,9.0,30.0,13.0,9.0,15.0,24.0,18.0,0.0,2.0,6.0,21.0
31,1/18/15,1.0,7.0,54.0,5.0,66.0,3.0,6.0,38.0,8.0,17.0,3.0,85.0,2.0,17.0,10.0,76.0,11.0,43.0,16.0,9.0,3.0,23.0,8.0,11.0,16.0,82.0,51.0,64.0,14.0,39.0,1.0,2.0,2.0,59.0,4.0,17.0,15.0,14.0,53.0,3.0,7.0,17.0,7.0,8.0,8.0,50.0,9.0,25.0,11.0,10.0,2.0,14.0,6.0,2.0,1.0,8.0,1.0,4.0,11.0,22.0,13.0,18.0,23.0,51.0,0.0,2.0,5.0,22.0
32,1/25/15,1.0,7.0,53.0,6.0,59.0,3.0,5.0,39.0,10.0,21.0,3.0,86.0,2.0,19.0,10.0,81.0,12.0,43.0,16.0,10.0,3.0,22.0,8.0,12.0,17.0,89.0,53.0,64.0,13.0,32.0,1.0,2.0,2.0,57.0,1.0,19.0,26.0,16.0,29.0,3.0,4.0,13.0,7.0,8.0,9.0,55.0,6.0,22.0,14.0,10.0,4.0,11.0,3.0,1.0,1.0,13.0,1.0,4.0,13.0,24.0,24.0,15.0,23.0,56.0,2.0,4.0,5.0,15.0
33,2/1/15,1.0,7.0,53.0,6.0,58.0,3.0,5.0,39.0,10.0,22.0,3.0,90.0,2.0,19.0,10.0,78.0,13.0,45.0,17.0,10.0,3.0,23.0,9.0,12.0,17.0,92.0,54.0,66.0,13.0,27.0,1.0,2.0,2.0,59.0,3.0,19.0,23.0,16.0,32.0,2.0,2.0,14.0,7.0,10.0,8.0,54.0,4.0,23.0,14.0,12.0,3.0,29.0,2.0,1.0,1.0,9.0,1.0,4.0,15.0,37.0,20.0,16.0,12.0,20.0,0.0,5.0,3.0,22.0
34,2/8/15,1.0,7.0,53.0,6.0,70.0,3.0,5.0,37.0,9.0,23.0,3.0,88.0,2.0,18.0,9.0,77.0,12.0,42.0,17.0,10.0,3.0,26.0,8.0,13.0,17.0,88.0,55.0,65.0,13.0,29.0,1.0,3.0,2.0,57.0,4.0,26.0,24.0,16.0,40.0,2.0,4.0,16.0,3.0,9.0,7.0,49.0,4.0,16.0,13.0,15.0,3.0,14.0,2.0,2.0,1.0,20.0,1.0,4.0,7.0,25.0,17.0,15.0,13.0,18.0,1.0,5.0,3.0,19.0
35,2/15/15,1.0,7.0,53.0,5.0,65.0,3.0,5.0,36.0,8.0,22.0,3.0,86.0,2.0,17.0,9.0,76.0,12.0,45.0,16.0,10.0,3.0,24.0,7.0,13.0,17.0,85.0,49.0,65.0,13.0,33.0,1.0,2.0,2.0,52.0,3.0,20.0,28.0,21.0,34.0,4.0,3.0,19.0,6.0,5.0,12.0,57.0,7.0,21.0,10.0,12.0,4.0,15.0,1.0,1.0,1.0,14.0,1.0,0.0,14.0,37.0,22.0,14.0,20.0,37.0,0.0,3.0,2.0,11.0
36,2/22/15,1.0,7.0,100.0,6.0,62.0,3.0,6.0,40.0,8.0,23.0,3.0,85.0,2.0,16.0,8.0,75.0,12.0,45.0,17.0,10.0,3.0,23.0,8.0,14.0,16.0,90.0,51.0,60.0,13.0,26.0,1.0,2.0,2.0,56.0,3.0,19.0,100.0,16.0,35.0,3.0,2.0,20.0,5.0,5.0,4.0,44.0,5.0,20.0,9.0,12.0,2.0,13.0,3.0,2.0,1.0,9.0,1.0,8.0,17.0,23.0,13.0,13.0,21.0,19.0,0.0,2.0,5.0,10.0
37,3/1/15,1.0,7.0,71.0,6.0,62.0,3.0,6.0,40.0,9.0,23.0,3.0,87.0,2.0,16.0,9.0,76.0,12.0,46.0,17.0,10.0,3.0,23.0,8.0,13.0,16.0,88.0,51.0,60.0,13.0,26.0,1.0,2.0,2.0,54.0,0.0,23.0,52.0,15.0,36.0,3.0,7.0,19.0,6.0,5.0,10.0,54.0,8.0,20.0,13.0,9.0,3.0,16.0,2.0,2.0,0.0,26.0,1.0,0.0,13.0,22.0,15.0,9.0,24.0,15.0,0.0,4.0,2.0,27.0
38,3/8/15,1.0,7.0,58.0,5.0,64.0,3.0,5.0,40.0,10.0,22.0,3.0,86.0,2.0,15.0,8.0,76.0,11.0,45.0,16.0,10.0,3.0,22.0,7.0,11.0,16.0,87.0,51.0,58.0,12.0,27.0,1.0,2.0,2.0,57.0,4.0,19.0,31.0,18.0,31.0,4.0,2.0,18.0,6.0,5.0,6.0,70.0,5.0,20.0,12.0,9.0,3.0,16.0,1.0,2.0,1.0,9.0,1.0,0.0,15.0,21.0,13.0,16.0,26.0,22.0,0.0,9.0,0.0,15.0
39,3/15/15,1.0,6.0,57.0,5.0,62.0,3.0,6.0,41.0,10.0,21.0,3.0,84.0,2.0,15.0,8.0,77.0,12.0,44.0,16.0,10.0,3.0,23.0,7.0,11.0,17.0,86.0,50.0,58.0,11.0,34.0,1.0,2.0,2.0,58.0,4.0,27.0,28.0,16.0,35.0,3.0,6.0,21.0,3.0,8.0,9.0,52.0,6.0,18.0,8.0,11.0,3.0,10.0,4.0,2.0,1.0,9.0,1.0,4.0,27.0,24.0,11.0,11.0,14.0,21.0,1.0,8.0,2.0,17.0
40,3/22/15,1.0,7.0,56.0,5.0,62.0,3.0,6.0,41.0,9.0,20.0,3.0,83.0,2.0,15.0,8.0,78.0,13.0,45.0,16.0,10.0,3.0,22.0,7.0,10.0,17.0,88.0,51.0,61.0,11.0,31.0,1.0,2.0,2.0,58.0,2.0,14.0,30.0,13.0,41.0,7.0,9.0,16.0,3.0,6.0,4.0,52.0,12.0,13.0,8.0,12.0,4.0,17.0,3.0,2.0,1.0,6.0,1.0,0.0,20.0,15.0,15.0,17.0,15.0,18.0,2.0,7.0,2.0,29.0
41,3/29/15,1.0,6.0,57.0,5.0,62.0,3.0,5.0,43.0,9.0,21.0,3.0,90.0,2.0,15.0,8.0,77.0,14.0,50.0,16.0,10.0,3.0,23.0,7.0,10.0,16.0,86.0,48.0,59.0,12.0,33.0,1.0,2.0,2.0,55.0,2.0,21.0,17.0,15.0,45.0,3.0,2.0,23.0,1.0,5.0,9.0,46.0,9.0,25.0,15.0,10.0,4.0,20.0,1.0,2.0,0.0,6.0,1.0,0.0,14.0,23.0,12.0,14.0,18.0,17.0,1.0,0.0,0.0,13.0
42,4/5/15,1.0,6.0,56.0,5.0,59.0,3.0,5.0,44.0,9.0,23.0,3.0,87.0,2.0,16.0,8.0,77.0,13.0,47.0,16.0,10.0,3.0,23.0,7.0,10.0,16.0,88.0,48.0,59.0,11.0,28.0,1.0,2.0,2.0,55.0,2.0,17.0,25.0,15.0,38.0,2.0,6.0,22.0,5.0,6.0,6.0,45.0,7.0,18.0,10.0,13.0,5.0,14.0,2.0,2.0,1.0,8.0,1.0,5.0,24.0,24.0,13.0,15.0,21.0,23.0,1.0,4.0,2.0,17.0
43,4/12/15,1.0,7.0,57.0,5.0,59.0,3.0,6.0,44.0,9.0,30.0,3.0,90.0,2.0,20.0,8.0,82.0,12.0,48.0,18.0,10.0,3.0,23.0,8.0,10.0,17.0,94.0,51.0,60.0,11.0,27.0,1.0,2.0,2.0,57.0,2.0,19.0,22.0,14.0,36.0,2.0,8.0,24.0,4.0,8.0,9.0,50.0,7.0,18.0,9.0,15.0,4.0,14.0,2.0,2.0,1.0,7.0,1.0,12.0,33.0,30.0,15.0,15.0,22.0,10.0,0.0,2.0,2.0,25.0
44,4/19/15,1.0,7.0,57.0,5.0,61.0,3.0,6.0,44.0,9.0,19.0,3.0,84.0,2.0,13.0,8.0,79.0,12.0,49.0,18.0,10.0,4.0,24.0,8.0,11.0,16.0,97.0,51.0,60.0,11.0,27.0,1.0,2.0,2.0,57.0,3.0,14.0,31.0,16.0,32.0,4.0,7.0,22.0,2.0,4.0,9.0,49.0,9.0,15.0,11.0,11.0,5.0,15.0,2.0,2.0,1.0,9.0,2.0,9.0,18.0,21.0,15.0,24.0,22.0,21.0,1.0,6.0,3.0,16.0
45,4/26/15,1.0,7.0,56.0,5.0,58.0,3.0,6.0,45.0,8.0,19.0,3.0,84.0,2.0,12.0,8.0,79.0,12.0,45.0,18.0,10.0,4.0,30.0,8.0,11.0,16.0,91.0,51.0,61.0,11.0,27.0,1.0,2.0,2.0,52.0,4.0,17.0,32.0,15.0,28.0,2.0,2.0,20.0,5.0,9.0,25.0,47.0,7.0,15.0,8.0,12.0,4.0,13.0,2.0,2.0,1.0,45.0,1.0,4.0,11.0,35.0,11.0,21.0,20.0,13.0,1.0,2.0,2.0,17.0
46,5/3/15,1.0,7.0,57.0,5.0,65.0,3.0,6.0,44.0,8.0,17.0,3.0,89.0,2.0,12.0,8.0,83.0,12.0,46.0,17.0,10.0,4.0,24.0,8.0,12.0,18.0,89.0,49.0,62.0,10.0,28.0,1.0,1.0,2.0,54.0,2.0,24.0,19.0,15.0,37.0,2.0,4.0,19.0,4.0,8.0,6.0,43.0,6.0,12.0,12.0,15.0,3.0,17.0,2.0,2.0,1.0,9.0,1.0,7.0,26.0,43.0,12.0,18.0,16.0,16.0,0.0,6.0,3.0,17.0
47,5/10/15,1.0,6.0,55.0,5.0,63.0,3.0,6.0,42.0,8.0,16.0,3.0,87.0,2.0,12.0,7.0,78.0,11.0,48.0,16.0,10.0,3.0,22.0,7.0,9.0,18.0,88.0,49.0,59.0,10.0,29.0,1.0,2.0,2.0,54.0,4.0,14.0,17.0,17.0,32.0,1.0,3.0,19.0,5.0,6.0,8.0,44.0,8.0,19.0,8.0,14.0,6.0,18.0,2.0,2.0,1.0,9.0,1.0,8.0,15.0,25.0,37.0,21.0,14.0,16.0,0.0,2.0,2.0,22.0
48,5/17/15,1.0,6.0,55.0,4.0,61.0,2.0,5.0,41.0,8.0,15.0,2.0,88.0,2.0,12.0,7.0,78.0,11.0,47.0,16.0,9.0,4.0,26.0,7.0,7.0,18.0,83.0,47.0,57.0,10.0,31.0,1.0,2.0,2.0,51.0,7.0,17.0,34.0,17.0,40.0,3.0,10.0,28.0,2.0,3.0,7.0,56.0,6.0,22.0,16.0,11.0,4.0,21.0,2.0,2.0,1.0,30.0,1.0,15.0,20.0,26.0,38.0,20.0,14.0,27.0,3.0,4.0,2.0,15.0
49,5/24/15,1.0,5.0,54.0,4.0,61.0,2.0,5.0,39.0,7.0,14.0,2.0,83.0,2.0,12.0,7.0,75.0,10.0,44.0,15.0,9.0,4.0,27.0,6.0,6.0,15.0,77.0,46.0,60.0,10.0,31.0,1.0,3.0,2.0,52.0,9.0,24.0,25.0,11.0,37.0,3.0,5.0,19.0,4.0,8.0,12.0,52.0,6.0,18.0,9.0,10.0,4.0,17.0,1.0,2.0,1.0,17.0,1.0,5.0,19.0,19.0,19.0,16.0,16.0,20.0,0.0,6.0,7.0,14.0
50,5/31/15,0.0,6.0,54.0,4.0,62.0,2.0,4.0,42.0,8.0,15.0,2.0,88.0,2.0,12.0,8.0,78.0,10.0,48.0,14.0,9.0,4.0,25.0,6.0,7.0,16.0,78.0,45.0,59.0,11.0,30.0,1.0,2.0,2.0,57.0,4.0,21.0,18.0,15.0,32.0,2.0,4.0,19.0,5.0,9.0,5.0,55.0,10.0,19.0,8.0,11.0,3.0,21.0,2.0,2.0,1.0,10.0,1.0,0.0,11.0,16.0,21.0,16.0,20.0,17.0,2.0,4.0,4.0,25.0
51,6/7/15,0.0,6.0,53.0,4.0,63.0,2.0,4.0,42.0,9.0,15.0,2.0,90.0,2.0,12.0,7.0,77.0,9.0,48.0,14.0,9.0,4.0,24.0,7.0,8.0,17.0,80.0,45.0,59.0,11.0,30.0,1.0,2.0,2.0,58.0,4.0,37.0,18.0,12.0,26.0,2.0,3.0,25.0,5.0,8.0,3.0,44.0,13.0,26.0,12.0,12.0,3.0,13.0,2.0,2.0,0.0,10.0,1.0,5.0,11.0,21.0,33.0,7.0,25.0,6.0,2.0,2.0,5.0,11.0
52,6/14/15,0.0,6.0,53.0,4.0,63.0,2.0,4.0,40.0,9.0,15.0,1.0,91.0,2.0,11.0,7.0,80.0,8.0,45.0,14.0,9.0,4.0,24.0,6.0,6.0,14.0,78.0,44.0,63.0,11.0,32.0,1.0,2.0,1.0,65.0,7.0,30.0,14.0,9.0,27.0,1.0,9.0,16.0,6.0,8.0,4.0,44.0,9.0,15.0,10.0,14.0,3.0,14.0,2.0,1.0,1.0,11.0,1.0,5.0,31.0,13.0,18.0,16.0,25.0,30.0,0.0,2.0,4.0,20.0
53,6/21/15,0.0,6.0,54.0,4.0,68.0,2.0,4.0,42.0,9.0,14.0,1.0,91.0,2.0,12.0,7.0,80.0,9.0,46.0,14.0,9.0,4.0,100.0,6.0,6.0,14.0,78.0,42.0,59.0,11.0,31.0,1.0,1.0,2.0,62.0,3.0,38.0,23.0,15.0,36.0,1.0,3.0,27.0,6.0,5.0,6.0,50.0,5.0,13.0,8.0,10.0,3.0,12.0,2.0,2.0,0.0,100.0,1.0,10.0,21.0,18.0,8.0,7.0,19.0,13.0,0.0,5.0,2.0,17.0
54,6/28/15,0.0,9.0,54.0,5.0,66.0,2.0,4.0,41.0,14.0,13.0,1.0,96.0,3.0,11.0,8.0,90.0,10.0,44.0,13.0,8.0,4.0,61.0,6.0,5.0,15.0,77.0,42.0,62.0,11.0,44.0,1.0,1.0,2.0,59.0,7.0,64.0,22.0,25.0,35.0,2.0,1.0,22.0,16.0,4.0,5.0,48.0,9.0,19.0,17.0,14.0,3.0,12.0,2.0,2.0,1.0,67.0,2.0,17.0,14.0,22.0,14.0,15.0,18.0,62.0,0.0,0.0,2.0,22.0
55,7/5/15,0.0,9.0,54.0,5.0,66.0,2.0,4.0,44.0,16.0,15.0,1.0,98.0,3.0,12.0,8.0,85.0,8.0,45.0,14.0,9.0,4.0,30.0,6.0,5.0,16.0,80.0,42.0,59.0,15.0,32.0,1.0,1.0,2.0,61.0,6.0,49.0,17.0,24.0,39.0,2.0,4.0,28.0,16.0,6.0,5.0,53.0,29.0,19.0,8.0,14.0,4.0,16.0,1.0,1.0,1.0,18.0,1.0,5.0,13.0,19.0,6.0,9.0,54.0,25.0,2.0,2.0,4.0,22.0
56,7/12/15,0.0,7.0,56.0,4.0,71.0,2.0,4.0,44.0,12.0,15.0,1.0,94.0,2.0,12.0,8.0,81.0,8.0,47.0,16.0,9.0,4.0,25.0,6.0,6.0,15.0,82.0,42.0,89.0,11.0,32.0,1.0,1.0,1.0,100.0,2.0,50.0,17.0,16.0,41.0,4.0,12.0,22.0,6.0,4.0,6.0,54.0,10.0,14.0,9.0,14.0,3.0,17.0,2.0,2.0,0.0,10.0,2.0,5.0,8.0,44.0,9.0,26.0,19.0,27.0,0.0,4.0,5.0,41.0
57,7/19/15,0.0,7.0,53.0,5.0,73.0,2.0,5.0,44.0,10.0,15.0,1.0,90.0,2.0,12.0,8.0,81.0,8.0,46.0,14.0,10.0,4.0,25.0,6.0,6.0,15.0,83.0,43.0,65.0,11.0,34.0,1.0,2.0,2.0,73.0,6.0,30.0,16.0,20.0,53.0,4.0,3.0,22.0,7.0,6.0,6.0,68.0,16.0,18.0,12.0,13.0,2.0,15.0,2.0,2.0,1.0,8.0,3.0,6.0,14.0,36.0,16.0,14.0,12.0,30.0,2.0,2.0,2.0,28.0
58,7/26/15,0.0,6.0,54.0,4.0,74.0,2.0,4.0,45.0,11.0,15.0,1.0,92.0,2.0,11.0,8.0,80.0,8.0,45.0,14.0,9.0,3.0,23.0,6.0,5.0,17.0,81.0,43.0,64.0,11.0,33.0,1.0,1.0,2.0,66.0,3.0,18.0,15.0,23.0,41.0,4.0,2.0,20.0,6.0,9.0,5.0,66.0,11.0,19.0,9.0,12.0,4.0,17.0,2.0,2.0,1.0,6.0,1.0,0.0,27.0,16.0,18.0,11.0,17.0,11.0,2.0,7.0,5.0,21.0
59,8/2/15,0.0,7.0,54.0,5.0,71.0,2.0,4.0,46.0,10.0,14.0,1.0,95.0,2.0,12.0,8.0,80.0,8.0,44.0,13.0,9.0,4.0,23.0,6.0,5.0,15.0,78.0,43.0,62.0,10.0,33.0,1.0,2.0,2.0,66.0,4.0,15.0,24.0,24.0,33.0,1.0,2.0,18.0,6.0,4.0,6.0,64.0,12.0,22.0,9.0,13.0,2.0,11.0,2.0,1.0,1.0,5.0,1.0,5.0,13.0,11.0,11.0,18.0,18.0,19.0,0.0,6.0,2.0,31.0
60,8/9/15,0.0,6.0,54.0,5.0,69.0,2.0,4.0,45.0,12.0,14.0,2.0,90.0,2.0,12.0,8.0,77.0,8.0,45.0,13.0,9.0,3.0,22.0,6.0,5.0,15.0,74.0,44.0,60.0,11.0,31.0,1.0,1.0,3.0,65.0,4.0,24.0,15.0,14.0,42.0,2.0,6.0,22.0,6.0,7.0,3.0,59.0,12.0,23.0,9.0,10.0,2.0,12.0,2.0,2.0,1.0,8.0,1.0,0.0,8.0,16.0,13.0,11.0,16.0,25.0,0.0,10.0,2.0,24.0
61,8/16/15,1.0,6.0,54.0,5.0,67.0,2.0,4.0,45.0,16.0,14.0,2.0,91.0,2.0,12.0,7.0,80.0,10.0,48.0,13.0,9.0,4.0,22.0,6.0,5.0,16.0,74.0,43.0,61.0,11.0,30.0,1.0,2.0,1.0,60.0,5.0,17.0,25.0,26.0,39.0,1.0,14.0,21.0,13.0,7.0,4.0,58.0,14.0,21.0,15.0,12.0,3.0,16.0,2.0,2.0,1.0,7.0,1.0,5.0,40.0,27.0,5.0,19.0,25.0,16.0,0.0,5.0,5.0,31.0
62,8/23/15,1.0,6.0,54.0,9.0,63.0,3.0,4.0,42.0,59.0,13.0,3.0,87.0,4.0,12.0,7.0,79.0,11.0,46.0,15.0,9.0,4.0,21.0,7.0,8.0,17.0,74.0,47.0,60.0,14.0,30.0,1.0,1.0,3.0,62.0,5.0,16.0,25.0,50.0,40.0,0.0,7.0,22.0,65.0,5.0,6.0,51.0,34.0,29.0,10.0,12.0,3.0,19.0,2.0,2.0,1.0,6.0,1.0,5.0,18.0,15.0,8.0,14.0,38.0,29.0,3.0,2.0,5.0,13.0
63,8/30/15,1.0,6.0,56.0,5.0,60.0,2.0,5.0,38.0,29.0,14.0,3.0,88.0,3.0,13.0,8.0,81.0,12.0,48.0,16.0,9.0,4.0,27.0,8.0,10.0,17.0,79.0,49.0,58.0,12.0,28.0,1.0,2.0,2.0,57.0,7.0,21.0,23.0,27.0,38.0,2.0,4.0,25.0,24.0,5.0,7.0,55.0,20.0,17.0,13.0,9.0,3.0,16.0,2.0,2.0,1.0,50.0,1.0,0.0,30.0,23.0,15.0,8.0,22.0,20.0,3.0,2.0,2.0,13.0
64,9/6/15,1.0,6.0,56.0,5.0,62.0,2.0,5.0,36.0,19.0,14.0,3.0,82.0,2.0,12.0,7.0,75.0,13.0,46.0,16.0,8.0,4.0,26.0,8.0,11.0,17.0,78.0,47.0,60.0,11.0,29.0,1.0,2.0,2.0,56.0,6.0,16.0,26.0,23.0,42.0,2.0,7.0,16.0,8.0,5.0,8.0,42.0,14.0,25.0,18.0,11.0,3.0,16.0,2.0,2.0,1.0,21.0,1.0,0.0,15.0,10.0,25.0,16.0,18.0,18.0,0.0,2.0,2.0,20.0
65,9/13/15,1.0,7.0,59.0,5.0,59.0,2.0,5.0,37.0,19.0,17.0,3.0,84.0,2.0,13.0,7.0,78.0,14.0,51.0,17.0,9.0,4.0,23.0,9.0,14.0,18.0,88.0,53.0,60.0,12.0,31.0,1.0,2.0,2.0,65.0,5.0,23.0,26.0,17.0,41.0,4.0,9.0,19.0,13.0,3.0,8.0,63.0,8.0,23.0,11.0,11.0,5.0,15.0,2.0,2.0,1.0,13.0,1.0,0.0,15.0,22.0,14.0,11.0,22.0,31.0,0.0,4.0,2.0,31.0
66,9/20/15,1.0,7.0,58.0,5.0,59.0,2.0,5.0,37.0,17.0,16.0,3.0,81.0,2.0,13.0,7.0,77.0,17.0,54.0,17.0,9.0,5.0,22.0,9.0,17.0,17.0,89.0,50.0,60.0,11.0,32.0,2.0,2.0,2.0,58.0,6.0,20.0,27.0,26.0,39.0,3.0,4.0,24.0,15.0,6.0,11.0,54.0,18.0,20.0,6.0,11.0,3.0,15.0,3.0,2.0,1.0,7.0,1.0,5.0,37.0,32.0,19.0,19.0,20.0,24.0,1.0,3.0,2.0,18.0
67,9/27/15,1.0,7.0,56.0,5.0,56.0,2.0,5.0,37.0,16.0,16.0,3.0,86.0,2.0,14.0,7.0,75.0,16.0,61.0,17.0,10.0,4.0,21.0,8.0,19.0,19.0,89.0,52.0,58.0,11.0,28.0,1.0,2.0,2.0,56.0,5.0,23.0,30.0,19.0,31.0,3.0,1.0,20.0,17.0,5.0,11.0,66.0,16.0,24.0,12.0,12.0,9.0,45.0,2.0,2.0,1.0,5.0,1.0,7.0,9.0,35.0,14.0,15.0,24.0,30.0,0.0,4.0,6.0,24.0
68,10/4/15,1.0,7.0,59.0,5.0,58.0,2.0,5.0,37.0,14.0,16.0,3.0,84.0,2.0,14.0,7.0,72.0,14.0,61.0,17.0,10.0,4.0,21.0,9.0,19.0,20.0,90.0,51.0,59.0,10.0,29.0,1.0,2.0,6.0,59.0,2.0,30.0,22.0,17.0,40.0,4.0,2.0,20.0,11.0,7.0,11.0,68.0,18.0,27.0,11.0,10.0,5.0,29.0,2.0,2.0,1.0,4.0,1.0,0.0,22.0,22.0,16.0,16.0,24.0,21.0,1.0,7.0,6.0,21.0
69,10/11/15,1.0,7.0,58.0,5.0,60.0,3.0,6.0,36.0,12.0,17.0,3.0,85.0,2.0,14.0,7.0,72.0,13.0,61.0,17.0,10.0,4.0,20.0,8.0,17.0,20.0,92.0,49.0,60.0,11.0,33.0,1.0,2.0,2.0,57.0,4.0,33.0,26.0,24.0,39.0,2.0,13.0,22.0,10.0,8.0,11.0,48.0,9.0,25.0,9.0,9.0,4.0,36.0,2.0,2.0,1.0,3.0,1.0,0.0,42.0,25.0,17.0,13.0,20.0,33.0,3.0,2.0,7.0,20.0
70,10/18/15,1.0,7.0,56.0,5.0,59.0,2.0,5.0,37.0,11.0,16.0,3.0,79.0,2.0,14.0,7.0,72.0,13.0,59.0,18.0,10.0,3.0,20.0,8.0,18.0,18.0,92.0,50.0,58.0,11.0,25.0,1.0,2.0,3.0,55.0,3.0,44.0,20.0,20.0,46.0,2.0,2.0,29.0,8.0,6.0,8.0,74.0,11.0,31.0,8.0,13.0,3.0,26.0,2.0,2.0,1.0,4.0,1.0,0.0,17.0,24.0,26.0,22.0,27.0,18.0,1.0,4.0,5.0,22.0
71,10/25/15,1.0,8.0,56.0,5.0,55.0,3.0,6.0,34.0,10.0,16.0,3.0,81.0,2.0,14.0,7.0,72.0,14.0,60.0,17.0,10.0,3.0,20.0,8.0,17.0,19.0,94.0,50.0,61.0,11.0,26.0,1.0,3.0,2.0,54.0,4.0,40.0,31.0,17.0,43.0,3.0,5.0,19.0,11.0,7.0,5.0,62.0,11.0,24.0,12.0,13.0,4.0,100.0,4.0,2.0,1.0,5.0,1.0,5.0,14.0,28.0,17.0,19.0,22.0,25.0,1.0,3.0,7.0,17.0
72,11/1/15,1.0,8.0,55.0,5.0,59.0,3.0,6.0,37.0,10.0,15.0,3.0,87.0,2.0,15.0,7.0,75.0,14.0,52.0,18.0,10.0,3.0,21.0,9.0,14.0,18.0,96.0,53.0,60.0,11.0,28.0,2.0,2.0,2.0,56.0,3.0,25.0,25.0,13.0,40.0,1.0,4.0,18.0,4.0,7.0,10.0,47.0,9.0,30.0,11.0,15.0,4.0,26.0,2.0,2.0,1.0,5.0,1.0,5.0,23.0,34.0,19.0,16.0,12.0,19.0,2.0,2.0,2.0,27.0
73,11/8/15,1.0,7.0,60.0,5.0,59.0,3.0,6.0,35.0,10.0,15.0,3.0,84.0,2.0,14.0,7.0,74.0,15.0,51.0,18.0,10.0,3.0,19.0,9.0,14.0,21.0,94.0,50.0,62.0,11.0,35.0,2.0,2.0,2.0,53.0,4.0,20.0,31.0,17.0,41.0,3.0,5.0,22.0,4.0,8.0,5.0,63.0,6.0,24.0,10.0,10.0,4.0,16.0,2.0,2.0,1.0,4.0,1.0,4.0,16.0,18.0,12.0,16.0,15.0,23.0,0.0,0.0,4.0,23.0
74,11/15/15,1.0,7.0,58.0,5.0,55.0,3.0,6.0,35.0,10.0,15.0,3.0,80.0,2.0,14.0,7.0,72.0,18.0,48.0,17.0,10.0,3.0,19.0,9.0,13.0,19.0,92.0,49.0,63.0,11.0,29.0,2.0,2.0,2.0,52.0,3.0,15.0,32.0,14.0,39.0,2.0,8.0,17.0,4.0,5.0,5.0,45.0,12.0,25.0,13.0,9.0,6.0,12.0,2.0,1.0,1.0,4.0,1.0,4.0,17.0,23.0,11.0,21.0,17.0,26.0,1.0,2.0,2.0,14.0
75,11/22/15,0.0,5.0,53.0,4.0,54.0,2.0,5.0,27.0,7.0,10.0,2.0,78.0,2.0,13.0,6.0,68.0,13.0,43.0,13.0,7.0,3.0,17.0,6.0,7.0,15.0,68.0,40.0,70.0,9.0,28.0,1.0,1.0,2.0,39.0,2.0,17.0,37.0,11.0,40.0,2.0,4.0,17.0,5.0,4.0,5.0,53.0,11.0,27.0,7.0,10.0,3.0,12.0,2.0,2.0,1.0,3.0,1.0,0.0,20.0,20.0,12.0,13.0,14.0,25.0,0.0,2.0,3.0,12.0
76,11/29/15,1.0,7.0,57.0,5.0,52.0,3.0,6.0,35.0,8.0,15.0,3.0,88.0,2.0,15.0,8.0,76.0,16.0,46.0,17.0,9.0,3.0,19.0,9.0,12.0,19.0,95.0,50.0,71.0,11.0,27.0,2.0,2.0,2.0,52.0,8.0,23.0,28.0,13.0,31.0,2.0,2.0,23.0,6.0,5.0,10.0,51.0,12.0,29.0,11.0,14.0,5.0,14.0,2.0,2.0,1.0,4.0,2.0,0.0,13.0,18.0,19.0,23.0,24.0,14.0,0.0,4.0,2.0,28.0
77,12/6/15,1.0,7.0,57.0,5.0,56.0,3.0,6.0,34.0,9.0,15.0,3.0,82.0,2.0,16.0,8.0,76.0,18.0,47.0,17.0,10.0,3.0,19.0,9.0,15.0,16.0,97.0,51.0,70.0,10.0,27.0,2.0,2.0,2.0,51.0,4.0,19.0,36.0,19.0,31.0,3.0,4.0,18.0,5.0,6.0,12.0,62.0,13.0,31.0,14.0,12.0,5.0,16.0,2.0,2.0,1.0,4.0,1.0,0.0,34.0,20.0,19.0,17.0,20.0,21.0,1.0,2.0,0.0,17.0
78,12/13/15,1.0,6.0,55.0,5.0,59.0,2.0,6.0,32.0,11.0,14.0,3.0,84.0,2.0,18.0,8.0,79.0,15.0,46.0,16.0,9.0,3.0,18.0,9.0,13.0,16.0,83.0,47.0,74.0,10.0,27.0,1.0,2.0,2.0,50.0,6.0,13.0,37.0,23.0,43.0,1.0,11.0,19.0,9.0,4.0,8.0,77.0,10.0,29.0,10.0,12.0,4.0,17.0,1.0,3.0,1.0,3.0,2.0,0.0,21.0,17.0,22.0,17.0,24.0,22.0,1.0,4.0,10.0,24.0
79,12/20/15,0.0,5.0,52.0,4.0,66.0,2.0,4.0,25.0,8.0,9.0,1.0,79.0,2.0,16.0,7.0,76.0,12.0,38.0,11.0,6.0,3.0,17.0,5.0,4.0,13.0,60.0,38.0,81.0,9.0,28.0,1.0,1.0,1.0,37.0,0.0,22.0,25.0,18.0,55.0,0.0,3.0,22.0,5.0,6.0,3.0,57.0,7.0,21.0,10.0,11.0,2.0,13.0,2.0,2.0,1.0,6.0,1.0,0.0,20.0,17.0,24.0,23.0,10.0,19.0,2.0,3.0,0.0,14.0
80,12/27/15,0.0,5.0,53.0,4.0,80.0,2.0,4.0,30.0,7.0,10.0,1.0,89.0,2.0,16.0,8.0,81.0,9.0,41.0,12.0,7.0,3.0,20.0,5.0,3.0,14.0,61.0,39.0,73.0,10.0,30.0,1.0,1.0,1.0,45.0,4.0,14.0,28.0,17.0,51.0,3.0,3.0,16.0,6.0,6.0,4.0,54.0,2.0,25.0,6.0,10.0,3.0,18.0,1.0,1.0,1.0,4.0,1.0,0.0,8.0,28.0,23.0,17.0,17.0,17.0,0.0,2.0,0.0,17.0
81,1/3/16,1.0,7.0,55.0,6.0,70.0,2.0,4.0,41.0,22.0,13.0,2.0,91.0,2.0,17.0,10.0,87.0,11.0,47.0,16.0,10.0,3.0,21.0,8.0,8.0,16.0,80.0,43.0,66.0,10.0,27.0,1.0,1.0,2.0,65.0,6.0,22.0,30.0,31.0,44.0,2.0,4.0,23.0,20.0,5.0,4.0,49.0,20.0,31.0,13.0,10.0,4.0,17.0,2.0,2.0,1.0,3.0,2.0,7.0,19.0,37.0,18.0,20.0,23.0,13.0,1.0,2.0,3.0,24.0
82,1/10/16,1.0,7.0,55.0,6.0,70.0,2.0,5.0,39.0,23.0,14.0,3.0,84.0,2.0,16.0,10.0,90.0,11.0,72.0,16.0,9.0,4.0,20.0,9.0,9.0,17.0,85.0,43.0,62.0,10.0,28.0,1.0,2.0,1.0,64.0,14.0,24.0,22.0,29.0,37.0,3.0,3.0,23.0,19.0,9.0,6.0,68.0,15.0,22.0,16.0,14.0,2.0,36.0,1.0,2.0,2.0,3.0,2.0,4.0,26.0,31.0,19.0,17.0,24.0,19.0,1.0,3.0,2.0,27.0
83,1/17/16,1.0,7.0,56.0,6.0,72.0,2.0,5.0,39.0,25.0,16.0,3.0,82.0,3.0,18.0,10.0,84.0,12.0,49.0,16.0,9.0,3.0,20.0,8.0,10.0,17.0,86.0,45.0,71.0,11.0,30.0,1.0,2.0,2.0,61.0,10.0,20.0,25.0,37.0,36.0,3.0,9.0,22.0,23.0,8.0,5.0,57.0,22.0,31.0,13.0,12.0,4.0,12.0,2.0,2.0,1.0,5.0,1.0,9.0,9.0,25.0,14.0,15.0,22.0,19.0,0.0,3.0,5.0,24.0
84,1/24/16,1.0,8.0,56.0,6.0,72.0,3.0,5.0,41.0,19.0,19.0,3.0,83.0,2.0,22.0,9.0,84.0,12.0,48.0,18.0,10.0,3.0,20.0,9.0,11.0,17.0,100.0,46.0,70.0,11.0,35.0,1.0,2.0,2.0,64.0,8.0,21.0,32.0,26.0,38.0,2.0,3.0,26.0,12.0,7.0,6.0,52.0,17.0,28.0,11.0,11.0,3.0,16.0,3.0,2.0,1.0,3.0,1.0,0.0,20.0,35.0,18.0,19.0,21.0,36.0,4.0,5.0,2.0,23.0
85,1/31/16,1.0,8.0,58.0,6.0,70.0,3.0,5.0,40.0,17.0,20.0,3.0,86.0,3.0,25.0,9.0,85.0,12.0,53.0,18.0,10.0,4.0,20.0,9.0,12.0,16.0,98.0,49.0,70.0,11.0,32.0,1.0,2.0,2.0,67.0,14.0,17.0,30.0,20.0,37.0,1.0,4.0,24.0,10.0,6.0,12.0,67.0,15.0,42.0,18.0,10.0,2.0,15.0,2.0,2.0,1.0,3.0,1.0,8.0,8.0,45.0,24.0,18.0,32.0,31.0,0.0,2.0,0.0,25.0
86,2/7/16,1.0,8.0,58.0,6.0,76.0,3.0,5.0,39.0,20.0,20.0,3.0,86.0,2.0,21.0,8.0,82.0,13.0,48.0,17.0,10.0,4.0,20.0,9.0,12.0,17.0,95.0,47.0,74.0,11.0,29.0,1.0,2.0,2.0,69.0,13.0,17.0,25.0,24.0,38.0,2.0,4.0,21.0,15.0,7.0,10.0,57.0,20.0,30.0,17.0,12.0,3.0,12.0,2.0,2.0,1.0,3.0,1.0,16.0,8.0,22.0,17.0,20.0,31.0,27.0,0.0,6.0,4.0,24.0
87,2/14/16,1.0,16.0,58.0,5.0,79.0,2.0,5.0,39.0,16.0,20.0,3.0,86.0,3.0,18.0,8.0,82.0,12.0,51.0,17.0,10.0,3.0,22.0,9.0,12.0,17.0,91.0,47.0,69.0,11.0,37.0,1.0,2.0,2.0,66.0,8.0,39.0,25.0,18.0,35.0,3.0,8.0,18.0,5.0,4.0,8.0,50.0,15.0,18.0,9.0,8.0,3.0,15.0,2.0,2.0,1.0,3.0,1.0,7.0,13.0,24.0,11.0,9.0,18.0,22.0,0.0,4.0,2.0,20.0
88,2/21/16,1.0,10.0,61.0,5.0,72.0,3.0,6.0,41.0,14.0,21.0,3.0,82.0,2.0,18.0,8.0,79.0,12.0,52.0,18.0,10.0,4.0,21.0,9.0,14.0,18.0,95.0,49.0,62.0,10.0,28.0,2.0,2.0,2.0,74.0,8.0,23.0,19.0,27.0,21.0,2.0,1.0,19.0,3.0,5.0,12.0,35.0,14.0,13.0,8.0,7.0,3.0,12.0,2.0,2.0,1.0,2.0,1.0,6.0,12.0,20.0,13.0,11.0,19.0,16.0,1.0,6.0,4.0,17.0
89,2/28/16,1.0,8.0,60.0,5.0,71.0,3.0,5.0,41.0,14.0,20.0,3.0,84.0,2.0,18.0,8.0,79.0,12.0,52.0,18.0,10.0,3.0,20.0,9.0,11.0,18.0,92.0,48.0,60.0,12.0,27.0,1.0,2.0,2.0,70.0,8.0,19.0,24.0,26.0,25.0,1.0,3.0,21.0,5.0,6.0,5.0,45.0,12.0,15.0,11.0,8.0,3.0,14.0,2.0,3.0,1.0,3.0,1.0,9.0,13.0,15.0,16.0,11.0,13.0,15.0,0.0,6.0,1.0,25.0
90,3/6/16,1.0,8.0,59.0,6.0,73.0,3.0,5.0,41.0,13.0,19.0,3.0,83.0,2.0,16.0,8.0,79.0,12.0,51.0,18.0,10.0,4.0,20.0,8.0,10.0,18.0,87.0,47.0,63.0,10.0,27.0,1.0,2.0,2.0,67.0,4.0,15.0,18.0,23.0,21.0,1.0,4.0,16.0,5.0,4.0,7.0,33.0,9.0,14.0,6.0,7.0,2.0,12.0,1.0,2.0,1.0,2.0,1.0,5.0,6.0,13.0,8.0,11.0,17.0,10.0,1.0,4.0,1.0,13.0
91,3/13/16,1.0,8.0,60.0,5.0,72.0,3.0,5.0,41.0,13.0,18.0,2.0,83.0,2.0,16.0,7.0,76.0,12.0,48.0,17.0,9.0,4.0,20.0,8.0,9.0,17.0,84.0,46.0,65.0,10.0,26.0,1.0,2.0,2.0,62.0,5.0,12.0,18.0,19.0,18.0,2.0,2.0,18.0,2.0,4.0,8.0,31.0,9.0,15.0,4.0,7.0,2.0,9.0,1.0,2.0,1.0,2.0,1.0,8.0,8.0,13.0,10.0,11.0,10.0,8.0,1.0,3.0,1.0,19.0
92,3/20/16,1.0,7.0,60.0,5.0,75.0,3.0,5.0,43.0,11.0,18.0,2.0,83.0,2.0,15.0,7.0,76.0,12.0,47.0,16.0,10.0,4.0,20.0,7.0,8.0,18.0,84.0,45.0,61.0,10.0,34.0,1.0,2.0,2.0,62.0,6.0,17.0,19.0,25.0,40.0,2.0,3.0,26.0,4.0,7.0,4.0,53.0,11.0,17.0,5.0,8.0,4.0,10.0,2.0,2.0,1.0,2.0,1.0,3.0,17.0,8.0,10.0,12.0,14.0,14.0,1.0,4.0,6.0,18.0
93,3/27/16,1.0,7.0,59.0,5.0,74.0,3.0,5.0,45.0,12.0,19.0,3.0,86.0,2.0,16.0,7.0,80.0,12.0,48.0,17.0,10.0,4.0,21.0,7.0,9.0,17.0,89.0,46.0,60.0,10.0,29.0,1.0,3.0,2.0,66.0,7.0,15.0,33.0,17.0,43.0,2.0,6.0,26.0,5.0,8.0,11.0,48.0,11.0,20.0,11.0,12.0,4.0,16.0,2.0,2.0,1.0,3.0,1.0,6.0,13.0,15.0,16.0,19.0,19.0,17.0,0.0,11.0,2.0,31.0
94,4/3/16,1.0,8.0,60.0,5.0,73.0,3.0,6.0,46.0,11.0,20.0,3.0,88.0,2.0,17.0,7.0,81.0,12.0,50.0,18.0,11.0,4.0,21.0,9.0,10.0,16.0,93.0,48.0,65.0,9.0,34.0,1.0,2.0,2.0,73.0,8.0,21.0,29.0,19.0,39.0,3.0,2.0,28.0,4.0,9.0,10.0,64.0,10.0,25.0,9.0,12.0,4.0,15.0,2.0,2.0,1.0,4.0,1.0,6.0,15.0,21.0,14.0,16.0,17.0,28.0,1.0,5.0,2.0,23.0
95,4/10/16,1.0,8.0,60.0,5.0,73.0,3.0,6.0,46.0,11.0,23.0,3.0,88.0,2.0,19.0,8.0,83.0,12.0,50.0,18.0,11.0,4.0,21.0,9.0,10.0,17.0,94.0,47.0,68.0,10.0,42.0,1.0,2.0,2.0,71.0,6.0,27.0,26.0,19.0,38.0,2.0,6.0,24.0,8.0,6.0,6.0,54.0,11.0,26.0,14.0,10.0,3.0,12.0,2.0,2.0,1.0,5.0,1.0,9.0,17.0,13.0,22.0,28.0,24.0,38.0,0.0,9.0,4.0,34.0
96,4/17/16,1.0,8.0,60.0,5.0,70.0,3.0,6.0,45.0,11.0,21.0,3.0,84.0,2.0,17.0,7.0,83.0,12.0,49.0,18.0,10.0,4.0,20.0,9.0,9.0,16.0,90.0,46.0,69.0,9.0,32.0,1.0,3.0,2.0,69.0,6.0,20.0,38.0,17.0,35.0,1.0,1.0,20.0,6.0,10.0,7.0,44.0,8.0,22.0,8.0,12.0,3.0,15.0,2.0,2.0,1.0,3.0,1.0,8.0,14.0,23.0,13.0,17.0,22.0,26.0,0.0,2.0,3.0,27.0
97,4/24/16,1.0,8.0,59.0,5.0,71.0,3.0,6.0,44.0,10.0,17.0,3.0,83.0,2.0,14.0,7.0,81.0,12.0,47.0,19.0,10.0,4.0,21.0,8.0,13.0,17.0,90.0,48.0,68.0,9.0,28.0,1.0,2.0,2.0,65.0,6.0,21.0,25.0,25.0,41.0,1.0,2.0,24.0,5.0,6.0,11.0,62.0,7.0,17.0,7.0,13.0,3.0,13.0,2.0,2.0,1.0,3.0,1.0,4.0,31.0,19.0,20.0,23.0,25.0,15.0,0.0,5.0,3.0,22.0
98,5/1/16,1.0,8.0,61.0,5.0,78.0,3.0,6.0,45.0,11.0,16.0,3.0,84.0,2.0,13.0,7.0,81.0,12.0,48.0,18.0,10.0,4.0,20.0,8.0,13.0,17.0,87.0,46.0,69.0,9.0,29.0,1.0,2.0,5.0,70.0,8.0,22.0,17.0,16.0,35.0,5.0,3.0,34.0,5.0,6.0,6.0,57.0,6.0,20.0,14.0,12.0,2.0,14.0,2.0,2.0,1.0,3.0,1.0,9.0,17.0,46.0,10.0,16.0,24.0,21.0,1.0,4.0,2.0,30.0
99,5/8/16,1.0,8.0,58.0,5.0,79.0,3.0,5.0,41.0,10.0,15.0,3.0,84.0,2.0,13.0,7.0,88.0,11.0,48.0,17.0,9.0,4.0,21.0,8.0,9.0,16.0,82.0,46.0,64.0,9.0,50.0,1.0,2.0,2.0,67.0,7.0,29.0,25.0,18.0,41.0,4.0,2.0,24.0,3.0,5.0,8.0,65.0,11.0,20.0,8.0,44.0,2.0,15.0,2.0,2.0,2.0,3.0,1.0,9.0,18.0,32.0,21.0,21.0,22.0,73.0,1.0,7.0,4.0,27.0
100,5/15/16,1.0,7.0,59.0,4.0,74.0,3.0,5.0,43.0,10.0,15.0,2.0,86.0,2.0,13.0,7.0,89.0,11.0,49.0,17.0,9.0,4.0,20.0,7.0,8.0,18.0,76.0,47.0,64.0,9.0,32.0,1.0,2.0,5.0,65.0,4.0,29.0,24.0,16.0,36.0,1.0,6.0,25.0,4.0,7.0,5.0,51.0,9.0,24.0,7.0,15.0,3.0,16.0,2.0,2.0,1.0,2.0,1.0,5.0,21.0,21.0,19.0,21.0,18.0,31.0,1.0,5.0,12.0,27.0
101,5/22/16,1.0,7.0,56.0,4.0,73.0,2.0,4.0,41.0,10.0,14.0,2.0,82.0,2.0,13.0,7.0,83.0,10.0,47.0,15.0,8.0,4.0,19.0,7.0,7.0,15.0,72.0,43.0,64.0,9.0,29.0,1.0,2.0,3.0,63.0,8.0,28.0,27.0,12.0,41.0,5.0,4.0,29.0,3.0,7.0,5.0,54.0,13.0,22.0,8.0,12.0,3.0,13.0,2.0,2.0,1.0,3.0,1.0,5.0,25.0,25.0,15.0,17.0,17.0,22.0,0.0,5.0,2.0,20.0
102,5/29/16,1.0,6.0,55.0,4.0,78.0,2.0,4.0,40.0,8.0,12.0,2.0,86.0,2.0,12.0,7.0,85.0,10.0,45.0,15.0,8.0,4.0,21.0,7.0,5.0,16.0,67.0,40.0,63.0,8.0,29.0,1.0,2.0,2.0,56.0,4.0,19.0,20.0,11.0,38.0,3.0,1.0,30.0,3.0,10.0,4.0,50.0,6.0,19.0,15.0,14.0,3.0,13.0,2.0,2.0,1.0,4.0,1.0,5.0,22.0,42.0,16.0,28.0,21.0,24.0,0.0,5.0,3.0,21.0
103,6/5/16,1.0,8.0,57.0,4.0,73.0,2.0,4.0,42.0,10.0,13.0,2.0,84.0,2.0,12.0,7.0,80.0,9.0,47.0,15.0,9.0,4.0,20.0,7.0,6.0,16.0,70.0,41.0,62.0,9.0,30.0,1.0,2.0,2.0,64.0,5.0,30.0,17.0,17.0,32.0,1.0,2.0,23.0,4.0,7.0,5.0,53.0,13.0,23.0,8.0,10.0,3.0,14.0,2.0,2.0,1.0,3.0,1.0,4.0,8.0,19.0,8.0,15.0,17.0,25.0,1.0,2.0,3.0,25.0
104,6/12/16,1.0,6.0,54.0,4.0,80.0,2.0,4.0,40.0,9.0,13.0,1.0,86.0,2.0,12.0,7.0,78.0,11.0,44.0,14.0,9.0,4.0,21.0,6.0,5.0,19.0,68.0,37.0,62.0,15.0,29.0,1.0,2.0,3.0,61.0,4.0,16.0,28.0,23.0,35.0,2.0,5.0,19.0,2.0,6.0,5.0,48.0,11.0,15.0,7.0,9.0,2.0,11.0,1.0,2.0,1.0,2.0,1.0,11.0,15.0,11.0,7.0,19.0,15.0,11.0,2.0,2.0,3.0,15.0
105,6/19/16,1.0,7.0,54.0,6.0,79.0,2.0,4.0,42.0,23.0,13.0,1.0,84.0,3.0,12.0,7.0,86.0,8.0,46.0,14.0,8.0,4.0,20.0,6.0,6.0,16.0,71.0,39.0,64.0,13.0,30.0,1.0,1.0,3.0,63.0,7.0,26.0,22.0,31.0,28.0,1.0,3.0,24.0,11.0,5.0,6.0,62.0,17.0,16.0,6.0,12.0,2.0,9.0,1.0,3.0,1.0,2.0,1.0,7.0,18.0,18.0,8.0,21.0,17.0,21.0,0.0,8.0,7.0,25.0
106,6/26/16,1.0,7.0,53.0,5.0,76.0,2.0,4.0,40.0,24.0,13.0,1.0,90.0,3.0,12.0,7.0,80.0,8.0,47.0,13.0,9.0,4.0,20.0,6.0,5.0,17.0,68.0,37.0,62.0,9.0,32.0,1.0,2.0,2.0,62.0,14.0,17.0,24.0,30.0,31.0,1.0,3.0,22.0,15.0,7.0,5.0,68.0,17.0,13.0,5.0,10.0,2.0,10.0,2.0,3.0,1.0,2.0,1.0,8.0,13.0,15.0,8.0,14.0,8.0,15.0,1.0,5.0,2.0,19.0
107,7/3/16,0.0,6.0,52.0,4.0,82.0,2.0,4.0,39.0,11.0,11.0,1.0,88.0,2.0,11.0,7.0,80.0,8.0,44.0,13.0,8.0,4.0,20.0,6.0,5.0,19.0,62.0,38.0,62.0,11.0,35.0,1.0,2.0,2.0,56.0,8.0,16.0,15.0,27.0,27.0,2.0,2.0,25.0,4.0,5.0,4.0,48.0,16.0,14.0,8.0,8.0,2.0,8.0,1.0,3.0,1.0,2.0,1.0,10.0,23.0,13.0,8.0,12.0,9.0,21.0,1.0,9.0,3.0,18.0
108,7/10/16,0.0,6.0,54.0,5.0,80.0,2.0,4.0,41.0,14.0,13.0,1.0,89.0,2.0,12.0,7.0,77.0,8.0,46.0,14.0,9.0,4.0,20.0,6.0,5.0,19.0,67.0,40.0,63.0,9.0,34.0,1.0,1.0,2.0,62.0,0.0,15.0,19.0,12.0,25.0,4.0,3.0,23.0,5.0,7.0,4.0,57.0,12.0,11.0,6.0,7.0,3.0,8.0,2.0,2.0,1.0,2.0,1.0,6.0,11.0,24.0,19.0,13.0,17.0,19.0,1.0,3.0,1.0,15.0
109,7/17/16,0.0,7.0,55.0,5.0,83.0,2.0,3.0,43.0,12.0,13.0,1.0,87.0,2.0,12.0,7.0,79.0,9.0,47.0,14.0,9.0,4.0,20.0,6.0,5.0,18.0,69.0,41.0,64.0,9.0,33.0,1.0,1.0,2.0,65.0,3.0,12.0,23.0,9.0,24.0,1.0,4.0,20.0,4.0,7.0,5.0,47.0,10.0,14.0,9.0,8.0,1.0,13.0,1.0,3.0,1.0,2.0,1.0,13.0,8.0,13.0,8.0,11.0,20.0,22.0,1.0,6.0,3.0,16.0
110,7/24/16,0.0,8.0,54.0,5.0,82.0,2.0,3.0,43.0,11.0,12.0,1.0,87.0,2.0,12.0,7.0,79.0,8.0,45.0,14.0,9.0,4.0,20.0,6.0,5.0,18.0,70.0,42.0,66.0,11.0,40.0,1.0,2.0,2.0,68.0,4.0,24.0,18.0,13.0,26.0,1.0,4.0,23.0,2.0,6.0,3.0,45.0,13.0,16.0,10.0,7.0,2.0,13.0,1.0,3.0,1.0,2.0,0.0,13.0,13.0,17.0,11.0,12.0,21.0,32.0,0.0,1.0,3.0,14.0
111,7/31/16,0.0,7.0,53.0,4.0,80.0,2.0,3.0,41.0,10.0,12.0,1.0,91.0,2.0,12.0,7.0,76.0,8.0,45.0,13.0,9.0,4.0,20.0,6.0,5.0,17.0,66.0,42.0,65.0,10.0,33.0,1.0,2.0,2.0,64.0,3.0,17.0,18.0,15.0,25.0,1.0,4.0,20.0,2.0,5.0,6.0,48.0,16.0,16.0,9.0,8.0,2.0,11.0,1.0,2.0,1.0,2.0,1.0,8.0,10.0,18.0,11.0,15.0,21.0,21.0,1.0,5.0,3.0,23.0
112,8/7/16,0.0,6.0,51.0,4.0,77.0,2.0,3.0,41.0,10.0,11.0,2.0,87.0,2.0,11.0,6.0,74.0,8.0,42.0,14.0,8.0,4.0,19.0,7.0,4.0,18.0,66.0,39.0,60.0,9.0,29.0,1.0,1.0,2.0,63.0,2.0,8.0,25.0,14.0,27.0,3.0,3.0,24.0,3.0,5.0,7.0,52.0,12.0,14.0,8.0,9.0,2.0,10.0,3.0,2.0,1.0,2.0,1.0,12.0,12.0,12.0,9.0,11.0,18.0,15.0,1.0,1.0,1.0,23.0
113,8/14/16,0.0,6.0,50.0,4.0,77.0,2.0,3.0,43.0,9.0,12.0,2.0,86.0,2.0,11.0,6.0,72.0,8.0,41.0,13.0,8.0,3.0,18.0,6.0,4.0,16.0,68.0,40.0,60.0,9.0,28.0,1.0,2.0,2.0,58.0,1.0,14.0,16.0,13.0,29.0,2.0,5.0,29.0,3.0,5.0,8.0,49.0,12.0,18.0,7.0,9.0,2.0,12.0,1.0,3.0,1.0,2.0,1.0,13.0,20.0,15.0,11.0,7.0,21.0,20.0,0.0,3.0,5.0,13.0
114,8/21/16,0.0,7.0,54.0,4.0,74.0,2.0,4.0,42.0,9.0,12.0,2.0,84.0,2.0,12.0,6.0,71.0,10.0,44.0,14.0,8.0,3.0,18.0,7.0,6.0,18.0,74.0,42.0,62.0,11.0,30.0,1.0,1.0,2.0,59.0,2.0,17.0,13.0,19.0,26.0,3.0,4.0,27.0,3.0,8.0,8.0,49.0,10.0,13.0,8.0,8.0,3.0,11.0,1.0,3.0,1.0,2.0,1.0,13.0,24.0,13.0,12.0,8.0,14.0,29.0,1.0,3.0,1.0,17.0
115,8/28/16,1.0,6.0,56.0,4.0,71.0,2.0,4.0,39.0,8.0,12.0,3.0,85.0,2.0,13.0,6.0,75.0,11.0,44.0,15.0,8.0,4.0,19.0,7.0,8.0,20.0,78.0,43.0,61.0,9.0,29.0,1.0,2.0,1.0,62.0,3.0,13.0,15.0,18.0,22.0,3.0,4.0,25.0,2.0,6.0,6.0,43.0,12.0,12.0,6.0,8.0,3.0,9.0,2.0,3.0,1.0,2.0,1.0,19.0,22.0,19.0,7.0,18.0,16.0,19.0,1.0,4.0,3.0,21.0
116,9/4/16,1.0,6.0,56.0,4.0,71.0,2.0,4.0,36.0,7.0,12.0,3.0,82.0,2.0,13.0,6.0,76.0,11.0,47.0,16.0,8.0,4.0,18.0,8.0,9.0,19.0,89.0,45.0,62.0,9.0,31.0,1.0,2.0,2.0,59.0,3.0,14.0,19.0,16.0,20.0,3.0,3.0,22.0,3.0,4.0,6.0,44.0,11.0,21.0,7.0,10.0,1.0,11.0,2.0,3.0,1.0,2.0,1.0,10.0,8.0,25.0,15.0,15.0,18.0,24.0,3.0,4.0,2.0,19.0
117,9/11/16,1.0,7.0,66.0,4.0,67.0,2.0,4.0,37.0,10.0,14.0,3.0,82.0,2.0,13.0,6.0,75.0,12.0,50.0,17.0,9.0,4.0,19.0,9.0,12.0,19.0,87.0,47.0,67.0,10.0,26.0,1.0,2.0,2.0,67.0,6.0,17.0,39.0,21.0,26.0,1.0,9.0,28.0,3.0,3.0,7.0,48.0,14.0,17.0,5.0,9.0,4.0,15.0,2.0,3.0,1.0,2.0,1.0,10.0,23.0,28.0,14.0,11.0,19.0,19.0,0.0,4.0,2.0,24.0
118,9/18/16,1.0,7.0,61.0,4.0,69.0,2.0,5.0,37.0,9.0,14.0,3.0,82.0,2.0,14.0,6.0,74.0,12.0,51.0,17.0,9.0,4.0,19.0,9.0,14.0,20.0,85.0,46.0,63.0,9.0,26.0,1.0,2.0,2.0,59.0,6.0,19.0,13.0,18.0,29.0,1.0,4.0,21.0,3.0,5.0,12.0,68.0,17.0,17.0,8.0,11.0,3.0,16.0,2.0,4.0,1.0,2.0,1.0,10.0,23.0,19.0,12.0,14.0,15.0,16.0,2.0,6.0,4.0,17.0
119,9/25/16,1.0,8.0,61.0,4.0,66.0,2.0,5.0,37.0,9.0,14.0,3.0,82.0,2.0,13.0,6.0,74.0,13.0,50.0,17.0,9.0,4.0,19.0,9.0,15.0,21.0,91.0,45.0,60.0,11.0,28.0,1.0,3.0,2.0,63.0,6.0,22.0,25.0,28.0,23.0,2.0,4.0,25.0,4.0,6.0,10.0,49.0,12.0,21.0,9.0,10.0,3.0,12.0,1.0,3.0,1.0,2.0,1.0,17.0,17.0,12.0,14.0,12.0,21.0,17.0,2.0,4.0,1.0,22.0
120,10/2/16,1.0,7.0,61.0,4.0,66.0,2.0,5.0,35.0,8.0,14.0,3.0,82.0,2.0,14.0,6.0,73.0,13.0,55.0,17.0,9.0,4.0,19.0,9.0,16.0,20.0,88.0,44.0,67.0,10.0,30.0,1.0,2.0,2.0,61.0,2.0,15.0,20.0,18.0,26.0,1.0,3.0,20.0,3.0,3.0,8.0,52.0,11.0,27.0,6.0,11.0,3.0,28.0,2.0,3.0,1.0,2.0,1.0,19.0,13.0,13.0,16.0,13.0,17.0,23.0,0.0,3.0,3.0,19.0
121,10/9/16,1.0,8.0,60.0,4.0,69.0,2.0,5.0,35.0,8.0,15.0,3.0,83.0,2.0,14.0,6.0,72.0,13.0,55.0,17.0,9.0,4.0,19.0,8.0,14.0,21.0,90.0,45.0,64.0,10.0,35.0,1.0,2.0,2.0,59.0,6.0,16.0,23.0,12.0,23.0,2.0,7.0,19.0,3.0,6.0,9.0,53.0,18.0,25.0,7.0,11.0,3.0,21.0,2.0,3.0,1.0,2.0,0.0,5.0,30.0,15.0,11.0,16.0,26.0,27.0,0.0,4.0,1.0,16.0
122,10/16/16,1.0,9.0,61.0,5.0,69.0,2.0,5.0,36.0,8.0,15.0,3.0,83.0,2.0,15.0,6.0,74.0,12.0,53.0,17.0,9.0,4.0,19.0,8.0,15.0,23.0,89.0,45.0,62.0,10.0,30.0,1.0,2.0,2.0,58.0,3.0,14.0,23.0,18.0,34.0,2.0,8.0,23.0,3.0,9.0,7.0,47.0,12.0,24.0,11.0,14.0,4.0,17.0,2.0,3.0,1.0,2.0,1.0,8.0,19.0,19.0,17.0,18.0,25.0,39.0,0.0,4.0,1.0,13.0
123,10/23/16,1.0,8.0,62.0,5.0,65.0,3.0,5.0,36.0,8.0,15.0,3.0,79.0,2.0,14.0,7.0,73.0,13.0,51.0,18.0,10.0,4.0,19.0,9.0,16.0,22.0,90.0,46.0,66.0,10.0,26.0,1.0,2.0,2.0,57.0,9.0,20.0,25.0,15.0,25.0,1.0,5.0,24.0,2.0,10.0,9.0,41.0,8.0,17.0,7.0,11.0,3.0,13.0,2.0,3.0,1.0,2.0,1.0,13.0,17.0,12.0,13.0,20.0,14.0,20.0,0.0,6.0,0.0,22.0
124,10/30/16,1.0,7.0,58.0,5.0,65.0,2.0,5.0,36.0,8.0,14.0,3.0,82.0,2.0,14.0,7.0,72.0,12.0,49.0,17.0,9.0,4.0,19.0,9.0,13.0,23.0,88.0,44.0,65.0,11.0,30.0,1.0,2.0,2.0,58.0,6.0,12.0,23.0,15.0,22.0,3.0,2.0,24.0,2.0,6.0,8.0,56.0,14.0,17.0,5.0,11.0,3.0,15.0,2.0,3.0,1.0,2.0,0.0,5.0,29.0,18.0,12.0,18.0,24.0,25.0,1.0,5.0,1.0,23.0
125,11/6/16,1.0,9.0,57.0,10.0,62.0,2.0,5.0,33.0,42.0,13.0,3.0,75.0,4.0,12.0,7.0,74.0,13.0,42.0,16.0,9.0,4.0,25.0,8.0,10.0,31.0,84.0,41.0,60.0,14.0,37.0,1.0,2.0,2.0,56.0,4.0,14.0,19.0,42.0,25.0,1.0,3.0,19.0,26.0,5.0,7.0,47.0,35.0,13.0,6.0,14.0,2.0,12.0,1.0,2.0,1.0,2.0,1.0,3.0,32.0,13.0,12.0,14.0,31.0,25.0,1.0,4.0,1.0,7.0
126,11/13/16,1.0,8.0,59.0,7.0,66.0,3.0,6.0,37.0,12.0,14.0,3.0,82.0,2.0,13.0,7.0,75.0,13.0,48.0,18.0,10.0,4.0,21.0,10.0,13.0,37.0,91.0,47.0,69.0,11.0,26.0,1.0,2.0,2.0,58.0,3.0,11.0,21.0,26.0,31.0,2.0,7.0,23.0,7.0,9.0,11.0,62.0,14.0,22.0,14.0,13.0,3.0,13.0,2.0,3.0,1.0,3.0,1.0,3.0,32.0,20.0,19.0,16.0,22.0,13.0,1.0,3.0,2.0,20.0
127,11/20/16,1.0,6.0,56.0,5.0,66.0,2.0,5.0,28.0,10.0,10.0,2.0,78.0,2.0,12.0,6.0,71.0,12.0,40.0,14.0,7.0,3.0,17.0,7.0,7.0,22.0,68.0,38.0,78.0,8.0,27.0,1.0,1.0,2.0,46.0,3.0,9.0,18.0,24.0,30.0,2.0,6.0,19.0,6.0,7.0,7.0,56.0,16.0,16.0,10.0,14.0,5.0,12.0,2.0,3.0,1.0,2.0,1.0,8.0,17.0,17.0,11.0,20.0,24.0,19.0,2.0,3.0,2.0,17.0
128,11/27/16,1.0,8.0,59.0,6.0,61.0,3.0,6.0,36.0,10.0,14.0,3.0,85.0,2.0,15.0,8.0,77.0,14.0,46.0,18.0,10.0,3.0,18.0,9.0,11.0,22.0,91.0,44.0,76.0,9.0,26.0,1.0,2.0,2.0,56.0,5.0,17.0,23.0,26.0,28.0,1.0,4.0,21.0,4.0,11.0,12.0,53.0,12.0,17.0,8.0,13.0,4.0,13.0,2.0,3.0,1.0,2.0,1.0,8.0,19.0,14.0,18.0,19.0,23.0,17.0,2.0,9.0,1.0,15.0
129,12/4/16,1.0,8.0,60.0,6.0,63.0,3.0,6.0,36.0,11.0,14.0,3.0,82.0,2.0,14.0,7.0,79.0,14.0,45.0,19.0,10.0,3.0,18.0,10.0,12.0,21.0,93.0,45.0,76.0,9.0,26.0,1.0,2.0,3.0,54.0,5.0,19.0,24.0,30.0,33.0,2.0,8.0,25.0,4.0,8.0,9.0,58.0,14.0,24.0,10.0,10.0,3.0,13.0,2.0,3.0,1.0,2.0,1.0,9.0,23.0,19.0,22.0,18.0,21.0,22.0,0.0,7.0,5.0,19.0
130,12/11/16,1.0,7.0,61.0,6.0,64.0,3.0,6.0,32.0,13.0,14.0,3.0,83.0,2.0,16.0,7.0,77.0,13.0,44.0,17.0,9.0,3.0,17.0,9.0,13.0,18.0,81.0,44.0,78.0,9.0,25.0,1.0,2.0,2.0,53.0,4.0,12.0,25.0,24.0,24.0,2.0,7.0,17.0,8.0,9.0,8.0,57.0,9.0,18.0,6.0,10.0,3.0,14.0,2.0,3.0,1.0,2.0,1.0,4.0,25.0,18.0,19.0,23.0,16.0,18.0,0.0,6.0,4.0,21.0
131,12/18/16,0.0,5.0,57.0,5.0,73.0,2.0,4.0,28.0,13.0,10.0,2.0,82.0,2.0,14.0,7.0,74.0,11.0,40.0,13.0,7.0,3.0,16.0,6.0,6.0,17.0,62.0,39.0,79.0,8.0,27.0,1.0,2.0,2.0,47.0,3.0,16.0,12.0,18.0,31.0,3.0,3.0,19.0,4.0,5.0,5.0,64.0,16.0,14.0,10.0,10.0,3.0,13.0,1.0,3.0,1.0,2.0,1.0,8.0,10.0,16.0,18.0,18.0,13.0,18.0,0.0,6.0,3.0,16.0
132,12/25/16,0.0,5.0,56.0,5.0,84.0,2.0,3.0,30.0,11.0,9.0,1.0,83.0,2.0,17.0,8.0,76.0,10.0,40.0,11.0,6.0,3.0,17.0,5.0,2.0,16.0,54.0,35.0,81.0,8.0,34.0,1.0,1.0,1.0,46.0,1.0,14.0,21.0,22.0,34.0,2.0,3.0,16.0,3.0,7.0,4.0,43.0,17.0,24.0,8.0,10.0,4.0,12.0,1.0,3.0,1.0,2.0,1.0,18.0,12.0,24.0,18.0,23.0,19.0,29.0,0.0,5.0,2.0,20.0
133,1/1/17,0.0,7.0,56.0,6.0,71.0,2.0,4.0,37.0,11.0,11.0,2.0,91.0,2.0,17.0,9.0,83.0,10.0,42.0,15.0,9.0,3.0,19.0,6.0,5.0,19.0,71.0,41.0,71.0,9.0,34.0,1.0,1.0,2.0,57.0,4.0,14.0,20.0,23.0,27.0,0.0,2.0,21.0,4.0,10.0,8.0,56.0,17.0,28.0,9.0,11.0,2.0,11.0,2.0,3.0,1.0,2.0,1.0,7.0,29.0,20.0,13.0,14.0,18.0,25.0,2.0,5.0,0.0,16.0
134,1/8/17,1.0,8.0,59.0,7.0,69.0,3.0,5.0,39.0,11.0,14.0,3.0,86.0,2.0,17.0,9.0,80.0,11.0,46.0,17.0,9.0,3.0,18.0,7.0,8.0,18.0,80.0,44.0,68.0,9.0,26.0,1.0,2.0,2.0,59.0,5.0,17.0,20.0,23.0,27.0,2.0,4.0,25.0,4.0,7.0,11.0,56.0,14.0,28.0,10.0,10.0,2.0,11.0,2.0,4.0,1.0,2.0,1.0,16.0,9.0,7.0,15.0,13.0,13.0,23.0,0.0,3.0,4.0,18.0
135,1/15/17,1.0,9.0,58.0,6.0,72.0,2.0,5.0,40.0,10.0,15.0,3.0,86.0,2.0,20.0,9.0,83.0,13.0,46.0,19.0,10.0,3.0,19.0,8.0,10.0,21.0,84.0,45.0,71.0,9.0,30.0,1.0,2.0,2.0,59.0,3.0,18.0,19.0,21.0,28.0,2.0,4.0,30.0,2.0,11.0,7.0,54.0,12.0,25.0,8.0,9.0,3.0,11.0,2.0,3.0,1.0,2.0,1.0,12.0,27.0,24.0,15.0,17.0,20.0,20.0,1.0,5.0,2.0,19.0
136,1/22/17,1.0,9.0,58.0,8.0,73.0,3.0,5.0,40.0,18.0,17.0,3.0,85.0,2.0,22.0,9.0,86.0,13.0,48.0,19.0,10.0,3.0,20.0,9.0,11.0,21.0,95.0,47.0,71.0,10.0,25.0,1.0,2.0,2.0,61.0,3.0,16.0,14.0,27.0,31.0,2.0,5.0,21.0,8.0,8.0,17.0,50.0,12.0,30.0,8.0,10.0,3.0,13.0,2.0,3.0,1.0,3.0,1.0,11.0,15.0,15.0,20.0,15.0,19.0,20.0,1.0,4.0,2.0,20.0
137,1/29/17,1.0,8.0,60.0,8.0,74.0,3.0,5.0,43.0,16.0,19.0,3.0,93.0,2.0,22.0,9.0,86.0,16.0,48.0,19.0,11.0,4.0,20.0,9.0,11.0,25.0,96.0,48.0,77.0,12.0,30.0,1.0,2.0,2.0,61.0,6.0,15.0,18.0,28.0,28.0,3.0,3.0,21.0,9.0,7.0,10.0,39.0,14.0,24.0,9.0,9.0,4.0,12.0,2.0,3.0,1.0,2.0,1.0,6.0,19.0,18.0,12.0,23.0,18.0,13.0,1.0,5.0,3.0,21.0
138,2/5/17,1.0,8.0,59.0,7.0,69.0,3.0,5.0,40.0,11.0,20.0,3.0,87.0,2.0,20.0,8.0,82.0,12.0,47.0,19.0,11.0,3.0,20.0,9.0,11.0,22.0,96.0,48.0,80.0,10.0,26.0,1.0,3.0,2.0,59.0,4.0,14.0,26.0,21.0,28.0,2.0,6.0,21.0,5.0,12.0,9.0,55.0,11.0,23.0,9.0,11.0,3.0,10.0,2.0,3.0,1.0,2.0,1.0,7.0,27.0,23.0,22.0,23.0,20.0,16.0,0.0,5.0,1.0,17.0
139,2/12/17,1.0,8.0,58.0,7.0,79.0,3.0,5.0,39.0,13.0,21.0,3.0,88.0,2.0,21.0,7.0,79.0,12.0,46.0,19.0,10.0,3.0,20.0,9.0,12.0,22.0,89.0,47.0,70.0,11.0,26.0,1.0,2.0,2.0,59.0,3.0,19.0,15.0,20.0,36.0,2.0,7.0,22.0,3.0,9.0,10.0,61.0,15.0,21.0,7.0,10.0,3.0,10.0,2.0,4.0,1.0,2.0,1.0,7.0,27.0,21.0,18.0,15.0,31.0,17.0,0.0,8.0,0.0,24.0
140,2/19/17,1.0,9.0,62.0,7.0,76.0,3.0,5.0,41.0,11.0,20.0,3.0,91.0,2.0,20.0,7.0,82.0,12.0,48.0,19.0,10.0,3.0,20.0,8.0,11.0,20.0,92.0,47.0,64.0,10.0,31.0,1.0,2.0,2.0,62.0,3.0,31.0,35.0,34.0,50.0,2.0,4.0,32.0,9.0,10.0,9.0,62.0,11.0,30.0,8.0,11.0,4.0,13.0,3.0,3.0,1.0,3.0,1.0,14.0,35.0,21.0,19.0,21.0,29.0,16.0,0.0,2.0,4.0,24.0
141,2/26/17,1.0,9.0,61.0,8.0,70.0,3.0,6.0,42.0,16.0,20.0,3.0,93.0,2.0,19.0,7.0,81.0,12.0,47.0,19.0,11.0,4.0,19.0,9.0,11.0,18.0,95.0,46.0,62.0,9.0,26.0,1.0,3.0,2.0,60.0,4.0,28.0,34.0,43.0,68.0,2.0,5.0,30.0,9.0,11.0,6.0,55.0,10.0,34.0,9.0,14.0,3.0,15.0,3.0,3.0,1.0,3.0,1.0,0.0,17.0,32.0,24.0,20.0,25.0,19.0,1.0,8.0,4.0,36.0
142,3/5/17,1.0,8.0,62.0,7.0,74.0,3.0,6.0,43.0,12.0,20.0,3.0,89.0,2.0,18.0,7.0,80.0,12.0,48.0,20.0,11.0,4.0,19.0,8.0,11.0,20.0,95.0,48.0,64.0,11.0,27.0,1.0,2.0,2.0,61.0,4.0,31.0,34.0,29.0,55.0,5.0,2.0,30.0,8.0,13.0,9.0,64.0,13.0,22.0,11.0,16.0,4.0,12.0,3.0,2.0,1.0,3.0,1.0,10.0,25.0,25.0,17.0,17.0,32.0,25.0,3.0,14.0,8.0,28.0
143,3/12/17,1.0,8.0,61.0,6.0,72.0,3.0,5.0,41.0,10.0,19.0,2.0,86.0,2.0,18.0,7.0,76.0,10.0,46.0,17.0,10.0,3.0,19.0,7.0,8.0,18.0,83.0,43.0,63.0,9.0,28.0,1.0,3.0,2.0,60.0,5.0,52.0,37.0,30.0,62.0,2.0,3.0,36.0,5.0,9.0,8.0,64.0,8.0,56.0,9.0,15.0,3.0,11.0,2.0,3.0,1.0,3.0,1.0,5.0,43.0,20.0,15.0,24.0,21.0,26.0,3.0,6.0,6.0,27.0
144,3/19/17,1.0,8.0,60.0,6.0,72.0,3.0,5.0,42.0,13.0,19.0,3.0,84.0,2.0,16.0,7.0,77.0,11.0,47.0,18.0,10.0,4.0,19.0,8.0,10.0,19.0,90.0,45.0,63.0,11.0,26.0,1.0,2.0,2.0,60.0,5.0,32.0,32.0,34.0,55.0,2.0,5.0,37.0,12.0,11.0,10.0,62.0,10.0,34.0,11.0,14.0,3.0,15.0,4.0,2.0,1.0,2.0,1.0,5.0,29.0,29.0,21.0,32.0,33.0,21.0,2.0,5.0,6.0,45.0
145,3/26/17,1.0,8.0,61.0,6.0,74.0,3.0,5.0,45.0,13.0,19.0,3.0,86.0,2.0,17.0,6.0,79.0,11.0,46.0,19.0,10.0,4.0,19.0,8.0,9.0,18.0,93.0,46.0,63.0,10.0,28.0,1.0,2.0,2.0,64.0,5.0,24.0,41.0,38.0,71.0,4.0,5.0,35.0,5.0,10.0,13.0,70.0,10.0,24.0,11.0,12.0,4.0,13.0,3.0,2.0,1.0,3.0,1.0,0.0,29.0,24.0,15.0,19.0,26.0,27.0,0.0,5.0,3.0,50.0
146,4/2/17,1.0,8.0,60.0,6.0,74.0,3.0,5.0,45.0,11.0,20.0,3.0,88.0,2.0,17.0,7.0,77.0,11.0,47.0,18.0,11.0,4.0,18.0,8.0,9.0,20.0,91.0,45.0,65.0,10.0,28.0,1.0,2.0,2.0,65.0,8.0,22.0,29.0,31.0,59.0,2.0,3.0,28.0,6.0,16.0,7.0,81.0,11.0,31.0,14.0,12.0,4.0,11.0,3.0,3.0,1.0,3.0,1.0,10.0,31.0,41.0,22.0,22.0,31.0,21.0,2.0,5.0,11.0,39.0
147,4/9/17,1.0,7.0,62.0,6.0,75.0,3.0,5.0,43.0,10.0,22.0,3.0,88.0,2.0,19.0,7.0,80.0,11.0,46.0,18.0,10.0,4.0,18.0,8.0,8.0,22.0,87.0,43.0,70.0,9.0,35.0,1.0,2.0,2.0,66.0,5.0,32.0,34.0,42.0,65.0,2.0,5.0,34.0,8.0,11.0,8.0,81.0,7.0,32.0,13.0,14.0,3.0,12.0,3.0,2.0,1.0,3.0,1.0,5.0,40.0,24.0,19.0,23.0,23.0,40.0,2.0,7.0,2.0,38.0
148,4/16/17,1.0,8.0,61.0,6.0,72.0,3.0,5.0,44.0,10.0,22.0,3.0,87.0,2.0,19.0,7.0,81.0,12.0,45.0,18.0,10.0,4.0,19.0,8.0,9.0,21.0,87.0,44.0,63.0,8.0,28.0,1.0,2.0,2.0,65.0,3.0,28.0,37.0,32.0,56.0,5.0,3.0,38.0,4.0,16.0,6.0,63.0,16.0,36.0,11.0,14.0,3.0,13.0,3.0,3.0,1.0,3.0,1.0,0.0,45.0,29.0,11.0,16.0,21.0,18.0,2.0,2.0,7.0,32.0
149,4/23/17,1.0,8.0,61.0,6.0,72.0,3.0,6.0,45.0,13.0,19.0,3.0,83.0,2.0,15.0,7.0,82.0,11.0,50.0,21.0,11.0,4.0,19.0,8.0,10.0,21.0,92.0,47.0,63.0,10.0,26.0,1.0,2.0,2.0,65.0,6.0,35.0,36.0,27.0,75.0,5.0,4.0,39.0,9.0,14.0,7.0,62.0,14.0,27.0,16.0,16.0,3.0,16.0,3.0,2.0,1.0,3.0,1.0,11.0,26.0,45.0,19.0,22.0,24.0,22.0,2.0,2.0,7.0,29.0
150,4/30/17,1.0,8.0,60.0,6.0,75.0,3.0,6.0,46.0,10.0,17.0,3.0,87.0,2.0,14.0,6.0,82.0,11.0,49.0,19.0,10.0,4.0,20.0,8.0,10.0,19.0,91.0,47.0,66.0,9.0,27.0,1.0,2.0,2.0,68.0,7.0,34.0,32.0,21.0,67.0,4.0,3.0,39.0,7.0,13.0,11.0,68.0,12.0,28.0,11.0,13.0,3.0,13.0,3.0,2.0,1.0,3.0,2.0,11.0,26.0,34.0,20.0,16.0,25.0,24.0,2.0,6.0,5.0,37.0
151,5/7/17,1.0,7.0,61.0,6.0,81.0,3.0,6.0,43.0,10.0,16.0,3.0,85.0,2.0,14.0,6.0,80.0,11.0,47.0,18.0,10.0,4.0,19.0,8.0,10.0,20.0,87.0,45.0,68.0,9.0,26.0,1.0,2.0,2.0,67.0,5.0,24.0,33.0,30.0,63.0,5.0,6.0,32.0,4.0,11.0,8.0,84.0,12.0,30.0,10.0,19.0,2.0,16.0,4.0,3.0,1.0,3.0,1.0,5.0,31.0,19.0,18.0,26.0,26.0,19.0,0.0,5.0,2.0,28.0
152,5/14/17,1.0,7.0,57.0,5.0,78.0,2.0,5.0,41.0,14.0,14.0,2.0,84.0,2.0,14.0,6.0,78.0,10.0,45.0,16.0,9.0,4.0,18.0,7.0,7.0,23.0,74.0,41.0,63.0,9.0,26.0,1.0,2.0,2.0,63.0,6.0,29.0,29.0,34.0,60.0,1.0,5.0,35.0,15.0,10.0,3.0,57.0,13.0,17.0,9.0,14.0,2.0,13.0,3.0,2.0,1.0,3.0,1.0,6.0,36.0,18.0,11.0,15.0,31.0,14.0,2.0,4.0,8.0,47.0
153,5/21/17,1.0,6.0,57.0,5.0,74.0,2.0,4.0,40.0,12.0,13.0,2.0,84.0,2.0,15.0,6.0,80.0,11.0,46.0,16.0,9.0,4.0,19.0,7.0,6.0,21.0,71.0,41.0,63.0,9.0,27.0,1.0,1.0,2.0,63.0,4.0,23.0,51.0,28.0,63.0,2.0,4.0,40.0,4.0,14.0,5.0,64.0,6.0,26.0,8.0,15.0,3.0,11.0,3.0,3.0,1.0,4.0,1.0,12.0,18.0,30.0,13.0,18.0,18.0,18.0,2.0,3.0,8.0,41.0
154,5/28/17,0.0,6.0,55.0,5.0,78.0,2.0,4.0,40.0,10.0,12.0,2.0,88.0,2.0,14.0,6.0,80.0,9.0,44.0,15.0,8.0,4.0,19.0,7.0,5.0,20.0,70.0,38.0,64.0,9.0,33.0,1.0,2.0,1.0,56.0,4.0,23.0,40.0,24.0,65.0,2.0,3.0,35.0,4.0,10.0,8.0,86.0,9.0,24.0,12.0,13.0,3.0,15.0,3.0,3.0,1.0,3.0,1.0,0.0,49.0,26.0,19.0,20.0,19.0,27.0,2.0,3.0,6.0,27.0
155,6/4/17,1.0,6.0,57.0,5.0,77.0,2.0,4.0,42.0,11.0,14.0,2.0,91.0,2.0,13.0,6.0,80.0,9.0,46.0,15.0,9.0,4.0,18.0,6.0,5.0,21.0,76.0,40.0,65.0,8.0,31.0,1.0,2.0,2.0,60.0,7.0,25.0,26.0,34.0,65.0,5.0,3.0,32.0,5.0,14.0,5.0,73.0,11.0,19.0,8.0,17.0,2.0,13.0,2.0,2.0,1.0,3.0,2.0,0.0,46.0,37.0,21.0,21.0,14.0,29.0,2.0,3.0,7.0,34.0
156,6/11/17,0.0,6.0,55.0,5.0,80.0,2.0,4.0,42.0,11.0,14.0,1.0,90.0,2.0,13.0,6.0,80.0,8.0,45.0,15.0,9.0,4.0,19.0,6.0,5.0,22.0,73.0,38.0,64.0,8.0,32.0,1.0,2.0,2.0,64.0,3.0,29.0,34.0,33.0,68.0,2.0,5.0,44.0,9.0,11.0,4.0,67.0,9.0,28.0,10.0,13.0,2.0,14.0,3.0,2.0,1.0,3.0,1.0,0.0,21.0,25.0,20.0,28.0,17.0,37.0,2.0,3.0,3.0,42.0
157,6/18/17,0.0,7.0,54.0,6.0,81.0,2.0,4.0,42.0,11.0,14.0,1.0,88.0,2.0,12.0,6.0,86.0,8.0,48.0,15.0,9.0,4.0,19.0,6.0,4.0,20.0,73.0,40.0,65.0,8.0,35.0,1.0,2.0,2.0,61.0,10.0,31.0,40.0,30.0,61.0,1.0,4.0,41.0,5.0,9.0,7.0,65.0,5.0,28.0,8.0,19.0,2.0,13.0,3.0,3.0,1.0,3.0,1.0,6.0,33.0,27.0,14.0,18.0,18.0,30.0,0.0,5.0,3.0,32.0
158,6/25/17,0.0,6.0,55.0,5.0,83.0,2.0,4.0,41.0,12.0,13.0,1.0,94.0,2.0,13.0,7.0,81.0,8.0,48.0,15.0,9.0,4.0,20.0,6.0,5.0,20.0,72.0,37.0,66.0,9.0,36.0,1.0,2.0,1.0,63.0,7.0,21.0,33.0,29.0,65.0,2.0,3.0,39.0,3.0,7.0,6.0,75.0,11.0,41.0,11.0,16.0,2.0,11.0,3.0,3.0,1.0,4.0,1.0,14.0,21.0,21.0,16.0,19.0,24.0,50.0,4.0,6.0,5.0,32.0
159,7/2/17,0.0,6.0,54.0,5.0,87.0,2.0,4.0,39.0,9.0,11.0,1.0,96.0,3.0,12.0,7.0,80.0,8.0,45.0,14.0,8.0,4.0,19.0,7.0,4.0,19.0,68.0,37.0,69.0,8.0,34.0,1.0,2.0,1.0,56.0,9.0,19.0,31.0,28.0,66.0,2.0,6.0,24.0,6.0,12.0,4.0,66.0,6.0,37.0,12.0,15.0,3.0,12.0,3.0,3.0,1.0,2.0,1.0,0.0,19.0,35.0,15.0,20.0,22.0,27.0,0.0,5.0,5.0,22.0
160,7/9/17,0.0,7.0,54.0,5.0,85.0,2.0,4.0,43.0,11.0,14.0,1.0,96.0,2.0,13.0,7.0,81.0,8.0,49.0,15.0,10.0,4.0,19.0,7.0,4.0,19.0,75.0,38.0,68.0,8.0,32.0,1.0,1.0,2.0,64.0,9.0,23.0,31.0,31.0,65.0,2.0,4.0,35.0,4.0,15.0,2.0,87.0,7.0,19.0,5.0,13.0,1.0,17.0,3.0,2.0,1.0,3.0,2.0,8.0,30.0,38.0,17.0,17.0,23.0,25.0,0.0,5.0,7.0,43.0
161,7/16/17,0.0,7.0,56.0,5.0,86.0,2.0,4.0,43.0,11.0,14.0,1.0,93.0,2.0,13.0,6.0,82.0,8.0,52.0,15.0,10.0,4.0,19.0,6.0,5.0,21.0,76.0,38.0,66.0,8.0,31.0,1.0,2.0,2.0,60.0,5.0,25.0,36.0,21.0,68.0,2.0,3.0,40.0,4.0,7.0,6.0,75.0,13.0,34.0,13.0,19.0,2.0,14.0,3.0,3.0,1.0,3.0,1.0,0.0,37.0,52.0,10.0,22.0,20.0,26.0,0.0,0.0,7.0,38.0
162,7/23/17,0.0,7.0,56.0,6.0,87.0,2.0,3.0,42.0,11.0,14.0,1.0,91.0,2.0,13.0,6.0,81.0,8.0,48.0,15.0,9.0,4.0,19.0,6.0,4.0,22.0,76.0,39.0,65.0,9.0,36.0,1.0,1.0,2.0,60.0,6.0,38.0,30.0,35.0,66.0,8.0,1.0,41.0,3.0,8.0,3.0,52.0,9.0,27.0,4.0,17.0,2.0,15.0,3.0,3.0,1.0,4.0,1.0,7.0,26.0,47.0,18.0,31.0,30.0,33.0,2.0,3.0,3.0,31.0
163,7/30/17,0.0,8.0,55.0,6.0,85.0,2.0,4.0,43.0,14.0,13.0,1.0,96.0,2.0,12.0,6.0,84.0,7.0,46.0,15.0,10.0,4.0,19.0,6.0,4.0,20.0,72.0,38.0,69.0,9.0,36.0,1.0,2.0,2.0,57.0,7.0,61.0,42.0,25.0,86.0,2.0,4.0,27.0,6.0,18.0,8.0,77.0,14.0,29.0,13.0,16.0,3.0,12.0,3.0,3.0,2.0,3.0,1.0,0.0,36.0,32.0,13.0,28.0,11.0,39.0,0.0,5.0,6.0,27.0
164,8/6/17,0.0,7.0,56.0,5.0,83.0,2.0,4.0,43.0,13.0,12.0,1.0,93.0,2.0,12.0,6.0,78.0,7.0,47.0,15.0,9.0,4.0,19.0,7.0,4.0,22.0,74.0,38.0,67.0,8.0,31.0,1.0,1.0,2.0,58.0,5.0,33.0,19.0,39.0,76.0,3.0,6.0,38.0,9.0,11.0,2.0,72.0,13.0,38.0,9.0,16.0,3.0,16.0,3.0,3.0,1.0,2.0,1.0,7.0,36.0,22.0,16.0,18.0,20.0,30.0,2.0,3.0,6.0,24.0
165,8/13/17,0.0,6.0,56.0,5.0,80.0,2.0,3.0,42.0,13.0,13.0,2.0,89.0,2.0,12.0,6.0,78.0,8.0,44.0,15.0,9.0,4.0,18.0,6.0,4.0,24.0,68.0,40.0,67.0,9.0,36.0,1.0,1.0,2.0,55.0,2.0,27.0,38.0,29.0,70.0,3.0,1.0,32.0,6.0,8.0,2.0,71.0,8.0,25.0,7.0,14.0,2.0,10.0,3.0,2.0,1.0,3.0,1.0,11.0,28.0,21.0,15.0,28.0,18.0,38.0,4.0,0.0,3.0,25.0
166,8/20/17,0.0,7.0,54.0,5.0,76.0,2.0,3.0,39.0,12.0,12.0,2.0,83.0,2.0,12.0,6.0,76.0,9.0,44.0,15.0,8.0,4.0,17.0,6.0,6.0,23.0,67.0,39.0,65.0,8.0,34.0,1.0,1.0,2.0,54.0,6.0,33.0,37.0,16.0,60.0,2.0,0.0,28.0,4.0,8.0,7.0,66.0,8.0,40.0,8.0,16.0,3.0,11.0,2.0,2.0,1.0,3.0,1.0,7.0,30.0,34.0,12.0,29.0,21.0,27.0,0.0,3.0,9.0,25.0
167,8/27/17,0.0,6.0,54.0,5.0,71.0,2.0,4.0,40.0,10.0,13.0,3.0,86.0,2.0,12.0,6.0,87.0,10.0,44.0,16.0,9.0,3.0,17.0,7.0,7.0,23.0,74.0,44.0,65.0,8.0,32.0,1.0,2.0,2.0,53.0,4.0,28.0,31.0,18.0,60.0,2.0,4.0,28.0,7.0,10.0,7.0,57.0,12.0,32.0,11.0,22.0,2.0,11.0,3.0,2.0,1.0,4.0,1.0,0.0,6.0,19.0,15.0,20.0,23.0,27.0,4.0,0.0,3.0,24.0
168,9/3/17,0.0,7.0,54.0,5.0,69.0,2.0,4.0,35.0,9.0,12.0,3.0,87.0,2.0,12.0,6.0,77.0,10.0,43.0,16.0,9.0,4.0,17.0,7.0,8.0,23.0,70.0,44.0,61.0,8.0,31.0,1.0,2.0,3.0,49.0,5.0,32.0,23.0,20.0,62.0,1.0,3.0,28.0,5.0,5.0,4.0,55.0,14.0,38.0,11.0,11.0,2.0,12.0,2.0,2.0,1.0,2.0,1.0,0.0,49.0,18.0,16.0,22.0,17.0,23.0,0.0,0.0,3.0,27.0
169,9/10/17,0.0,7.0,58.0,5.0,71.0,3.0,4.0,37.0,11.0,15.0,3.0,100.0,2.0,13.0,6.0,80.0,11.0,45.0,17.0,10.0,4.0,18.0,8.0,10.0,23.0,78.0,46.0,61.0,8.0,28.0,1.0,2.0,3.0,56.0,2.0,27.0,26.0,21.0,58.0,1.0,2.0,24.0,4.0,7.0,10.0,100.0,8.0,35.0,5.0,16.0,2.0,10.0,2.0,3.0,1.0,2.0,1.0,0.0,38.0,13.0,23.0,30.0,20.0,30.0,4.0,0.0,8.0,26.0
170,9/17/17,1.0,7.0,59.0,5.0,70.0,2.0,5.0,38.0,11.0,15.0,3.0,91.0,2.0,13.0,6.0,79.0,12.0,48.0,18.0,10.0,4.0,19.0,9.0,12.0,24.0,85.0,48.0,65.0,9.0,31.0,1.0,2.0,2.0,82.0,4.0,28.0,33.0,27.0,71.0,3.0,5.0,32.0,4.0,9.0,6.0,71.0,13.0,31.0,14.0,16.0,4.0,11.0,3.0,2.0,1.0,3.0,1.0,0.0,33.0,23.0,14.0,22.0,36.0,26.0,2.0,3.0,6.0,44.0
171,9/24/17,1.0,8.0,59.0,5.0,71.0,3.0,5.0,38.0,10.0,15.0,3.0,90.0,2.0,14.0,6.0,79.0,12.0,50.0,18.0,10.0,4.0,18.0,9.0,14.0,25.0,88.0,46.0,64.0,9.0,30.0,1.0,8.0,3.0,63.0,4.0,28.0,40.0,28.0,69.0,2.0,3.0,34.0,5.0,13.0,12.0,78.0,12.0,20.0,5.0,18.0,2.0,11.0,2.0,3.0,1.0,3.0,1.0,0.0,51.0,47.0,19.0,27.0,24.0,30.0,0.0,16.0,4.0,34.0
172,10/1/17,1.0,8.0,60.0,9.0,71.0,3.0,5.0,37.0,11.0,16.0,3.0,91.0,2.0,13.0,6.0,77.0,12.0,55.0,18.0,10.0,4.0,18.0,9.0,15.0,27.0,85.0,45.0,62.0,10.0,28.0,1.0,3.0,2.0,59.0,2.0,25.0,46.0,39.0,63.0,0.0,4.0,32.0,5.0,9.0,7.0,69.0,8.0,40.0,11.0,17.0,3.0,15.0,3.0,3.0,1.0,2.0,1.0,7.0,59.0,26.0,16.0,21.0,24.0,24.0,0.0,7.0,0.0,36.0
173,10/8/17,1.0,8.0,63.0,7.0,74.0,3.0,5.0,37.0,10.0,16.0,3.0,90.0,2.0,14.0,6.0,76.0,11.0,54.0,19.0,10.0,4.0,19.0,8.0,13.0,24.0,86.0,45.0,66.0,9.0,32.0,1.0,2.0,2.0,56.0,6.0,21.0,35.0,33.0,76.0,3.0,8.0,34.0,2.0,9.0,9.0,63.0,13.0,43.0,7.0,13.0,3.0,17.0,3.0,2.0,1.0,3.0,1.0,10.0,36.0,16.0,18.0,21.0,29.0,25.0,2.0,6.0,3.0,38.0
174,10/15/17,1.0,8.0,61.0,6.0,73.0,3.0,5.0,38.0,13.0,17.0,3.0,87.0,2.0,14.0,6.0,76.0,12.0,53.0,19.0,10.0,4.0,18.0,8.0,15.0,23.0,89.0,48.0,67.0,8.0,28.0,1.0,5.0,2.0,59.0,2.0,25.0,56.0,27.0,64.0,2.0,2.0,39.0,5.0,14.0,3.0,65.0,10.0,44.0,13.0,19.0,4.0,17.0,4.0,3.0,1.0,3.0,1.0,7.0,38.0,28.0,13.0,32.0,23.0,19.0,0.0,9.0,6.0,34.0
175,10/22/17,1.0,7.0,60.0,6.0,70.0,3.0,5.0,37.0,13.0,16.0,3.0,85.0,2.0,14.0,6.0,79.0,12.0,51.0,19.0,11.0,4.0,18.0,9.0,13.0,23.0,90.0,47.0,68.0,9.0,26.0,1.0,3.0,2.0,57.0,5.0,20.0,30.0,32.0,74.0,2.0,3.0,37.0,9.0,12.0,7.0,63.0,13.0,46.0,8.0,15.0,4.0,14.0,3.0,3.0,1.0,3.0,1.0,0.0,35.0,46.0,20.0,30.0,27.0,15.0,4.0,6.0,3.0,28.0
176,10/29/17,1.0,7.0,58.0,6.0,69.0,3.0,5.0,36.0,11.0,16.0,3.0,91.0,2.0,14.0,6.0,78.0,12.0,47.0,19.0,11.0,4.0,18.0,9.0,12.0,26.0,90.0,45.0,71.0,9.0,25.0,1.0,2.0,2.0,56.0,7.0,33.0,32.0,29.0,60.0,6.0,5.0,31.0,4.0,13.0,5.0,73.0,10.0,38.0,12.0,13.0,3.0,12.0,3.0,3.0,0.0,3.0,1.0,7.0,30.0,37.0,22.0,27.0,27.0,24.0,2.0,3.0,3.0,28.0
177,11/5/17,1.0,7.0,60.0,7.0,71.0,3.0,5.0,37.0,11.0,15.0,3.0,89.0,2.0,14.0,6.0,78.0,11.0,47.0,19.0,10.0,3.0,18.0,9.0,12.0,25.0,88.0,46.0,70.0,8.0,34.0,1.0,3.0,2.0,53.0,5.0,25.0,36.0,28.0,54.0,4.0,4.0,31.0,6.0,9.0,3.0,82.0,10.0,32.0,12.0,11.0,2.0,12.0,3.0,2.0,1.0,4.0,2.0,0.0,23.0,20.0,13.0,24.0,21.0,22.0,0.0,9.0,0.0,23.0
178,11/12/17,1.0,7.0,61.0,7.0,70.0,3.0,6.0,37.0,12.0,16.0,3.0,88.0,2.0,14.0,6.0,80.0,13.0,47.0,19.0,10.0,3.0,19.0,9.0,13.0,23.0,89.0,47.0,72.0,8.0,26.0,1.0,3.0,2.0,57.0,6.0,37.0,34.0,27.0,58.0,5.0,3.0,26.0,3.0,8.0,6.0,84.0,17.0,54.0,8.0,16.0,3.0,11.0,4.0,3.0,1.0,3.0,2.0,0.0,37.0,41.0,29.0,25.0,22.0,20.0,0.0,6.0,3.0,36.0
179,11/19/17,0.0,6.0,56.0,5.0,72.0,2.0,5.0,27.0,9.0,11.0,2.0,84.0,2.0,13.0,5.0,73.0,11.0,41.0,14.0,8.0,3.0,15.0,6.0,6.0,22.0,68.0,39.0,83.0,7.0,27.0,1.0,2.0,2.0,42.0,3.0,17.0,40.0,22.0,65.0,3.0,4.0,29.0,2.0,7.0,3.0,63.0,9.0,35.0,7.0,15.0,4.0,12.0,3.0,2.0,1.0,3.0,1.0,0.0,35.0,43.0,13.0,36.0,19.0,17.0,2.0,7.0,3.0,14.0
180,11/26/17,1.0,8.0,60.0,8.0,65.0,3.0,6.0,37.0,16.0,15.0,3.0,92.0,2.0,15.0,7.0,84.0,14.0,46.0,19.0,11.0,4.0,18.0,9.0,10.0,24.0,93.0,46.0,93.0,8.0,29.0,1.0,2.0,2.0,54.0,10.0,38.0,40.0,49.0,63.0,5.0,6.0,32.0,9.0,11.0,8.0,72.0,21.0,48.0,10.0,18.0,5.0,12.0,3.0,3.0,1.0,3.0,2.0,7.0,57.0,27.0,25.0,47.0,18.0,25.0,2.0,3.0,4.0,42.0
181,12/3/17,1.0,8.0,60.0,8.0,67.0,3.0,6.0,35.0,14.0,15.0,3.0,89.0,2.0,15.0,7.0,84.0,13.0,46.0,20.0,11.0,3.0,18.0,9.0,11.0,26.0,95.0,47.0,80.0,9.0,25.0,1.0,2.0,2.0,56.0,3.0,31.0,41.0,59.0,62.0,3.0,4.0,38.0,6.0,8.0,7.0,72.0,16.0,36.0,9.0,17.0,5.0,12.0,3.0,3.0,1.0,4.0,1.0,0.0,22.0,22.0,16.0,29.0,21.0,21.0,2.0,7.0,4.0,37.0
182,12/10/17,1.0,7.0,57.0,8.0,69.0,3.0,6.0,34.0,13.0,14.0,3.0,90.0,2.0,16.0,7.0,86.0,14.0,46.0,19.0,11.0,3.0,17.0,9.0,12.0,26.0,89.0,47.0,83.0,8.0,26.0,1.0,2.0,2.0,53.0,2.0,27.0,28.0,48.0,62.0,2.0,3.0,29.0,7.0,9.0,8.0,78.0,8.0,62.0,11.0,17.0,3.0,12.0,4.0,3.0,1.0,3.0,2.0,10.0,48.0,31.0,16.0,22.0,25.0,34.0,2.0,5.0,3.0,41.0
183,12/17/17,1.0,7.0,55.0,8.0,75.0,2.0,5.0,31.0,17.0,12.0,2.0,93.0,2.0,15.0,7.0,86.0,11.0,42.0,16.0,10.0,3.0,16.0,7.0,7.0,25.0,72.0,42.0,86.0,8.0,26.0,1.0,3.0,4.0,45.0,4.0,21.0,32.0,38.0,77.0,7.0,4.0,31.0,7.0,5.0,7.0,73.0,14.0,48.0,9.0,17.0,2.0,11.0,3.0,3.0,1.0,2.0,1.0,0.0,44.0,41.0,15.0,27.0,25.0,40.0,2.0,10.0,5.0,28.0
184,12/24/17,0.0,5.0,54.0,8.0,86.0,2.0,4.0,30.0,11.0,10.0,1.0,86.0,2.0,17.0,7.0,100.0,9.0,40.0,13.0,8.0,3.0,17.0,5.0,3.0,22.0,57.0,37.0,90.0,8.0,27.0,1.0,1.0,2.0,41.0,3.0,26.0,32.0,39.0,95.0,0.0,5.0,22.0,3.0,7.0,4.0,73.0,10.0,50.0,14.0,22.0,3.0,13.0,3.0,3.0,1.0,3.0,1.0,9.0,18.0,18.0,12.0,36.0,11.0,12.0,0.0,6.0,4.0,39.0
185,12/31/17,0.0,6.0,55.0,10.0,74.0,3.0,4.0,36.0,14.0,11.0,2.0,94.0,2.0,17.0,9.0,99.0,9.0,44.0,16.0,10.0,3.0,17.0,6.0,3.0,23.0,70.0,39.0,82.0,8.0,27.0,1.0,1.0,2.0,50.0,5.0,19.0,40.0,62.0,63.0,5.0,3.0,30.0,11.0,11.0,5.0,68.0,17.0,35.0,12.0,18.0,3.0,10.0,3.0,2.0,1.0,3.0,1.0,0.0,36.0,29.0,10.0,43.0,24.0,23.0,0.0,3.0,3.0,10.0
186,1/7/18,1.0,7.0,58.0,9.0,71.0,3.0,5.0,40.0,16.0,14.0,3.0,89.0,2.0,16.0,9.0,96.0,11.0,45.0,18.0,10.0,3.0,18.0,7.0,7.0,23.0,82.0,43.0,73.0,9.0,30.0,1.0,1.0,2.0,54.0,2.0,22.0,33.0,45.0,66.0,3.0,3.0,27.0,7.0,15.0,11.0,71.0,7.0,52.0,15.0,21.0,2.0,10.0,3.0,3.0,1.0,4.0,1.0,7.0,34.0,27.0,13.0,27.0,36.0,31.0,2.0,6.0,9.0,31.0
187,1/14/18,1.0,7.0,58.0,8.0,77.0,3.0,5.0,39.0,19.0,15.0,3.0,89.0,2.0,16.0,9.0,88.0,10.0,45.0,18.0,10.0,3.0,17.0,7.0,8.0,25.0,81.0,44.0,69.0,9.0,32.0,1.0,2.0,2.0,51.0,6.0,21.0,33.0,50.0,75.0,2.0,5.0,32.0,12.0,9.0,8.0,64.0,12.0,36.0,19.0,21.0,4.0,11.0,4.0,2.0,1.0,2.0,1.0,7.0,27.0,50.0,13.0,19.0,27.0,27.0,0.0,3.0,0.0,28.0
188,1/21/18,1.0,7.0,59.0,9.0,78.0,3.0,5.0,41.0,19.0,17.0,3.0,90.0,2.0,19.0,9.0,87.0,11.0,48.0,20.0,11.0,3.0,18.0,9.0,10.0,26.0,95.0,49.0,73.0,8.0,28.0,1.0,2.0,2.0,59.0,3.0,17.0,43.0,52.0,78.0,2.0,3.0,35.0,8.0,15.0,17.0,72.0,11.0,48.0,20.0,21.0,4.0,13.0,4.0,3.0,1.0,3.0,2.0,7.0,43.0,59.0,27.0,34.0,23.0,20.0,0.0,3.0,3.0,33.0
189,1/28/18,1.0,8.0,58.0,9.0,73.0,3.0,6.0,42.0,29.0,20.0,3.0,93.0,2.0,22.0,9.0,90.0,11.0,48.0,20.0,11.0,4.0,18.0,9.0,10.0,25.0,94.0,49.0,73.0,11.0,28.0,1.0,2.0,2.0,58.0,5.0,15.0,43.0,56.0,69.0,6.0,9.0,40.0,25.0,9.0,11.0,72.0,15.0,48.0,13.0,23.0,5.0,14.0,4.0,3.0,1.0,3.0,2.0,7.0,44.0,34.0,22.0,19.0,29.0,34.0,0.0,3.0,5.0,36.0
190,2/4/18,1.0,8.0,60.0,11.0,71.0,3.0,7.0,42.0,100.0,20.0,3.0,93.0,3.0,21.0,8.0,89.0,11.0,53.0,20.0,11.0,4.0,18.0,10.0,11.0,26.0,96.0,45.0,79.0,11.0,26.0,1.0,2.0,2.0,56.0,16.0,35.0,31.0,75.0,63.0,6.0,8.0,39.0,100.0,11.0,9.0,61.0,25.0,49.0,9.0,18.0,4.0,24.0,4.0,3.0,1.0,3.0,2.0,7.0,46.0,43.0,6.0,38.0,26.0,22.0,3.0,3.0,3.0,20.0
191,2/11/18,1.0,8.0,58.0,8.0,82.0,3.0,7.0,40.0,46.0,21.0,3.0,90.0,3.0,22.0,7.0,85.0,11.0,47.0,18.0,10.0,3.0,18.0,8.0,11.0,27.0,91.0,46.0,72.0,9.0,27.0,1.0,2.0,2.0,57.0,8.0,30.0,47.0,43.0,63.0,2.0,15.0,38.0,21.0,13.0,8.0,67.0,18.0,35.0,13.0,20.0,4.0,14.0,4.0,2.0,1.0,3.0,1.0,0.0,53.0,46.0,16.0,32.0,18.0,31.0,2.0,3.0,6.0,23.0
192,2/18/18,1.0,8.0,60.0,9.0,77.0,3.0,6.0,41.0,29.0,21.0,2.0,93.0,2.0,20.0,7.0,88.0,10.0,47.0,19.0,10.0,3.0,18.0,8.0,10.0,24.0,88.0,45.0,69.0,8.0,31.0,1.0,2.0,2.0,60.0,7.0,22.0,35.0,28.0,78.0,3.0,3.0,38.0,9.0,11.0,4.0,76.0,12.0,41.0,7.0,25.0,4.0,15.0,4.0,3.0,1.0,3.0,1.0,7.0,81.0,18.0,20.0,26.0,29.0,30.0,0.0,6.0,6.0,44.0
193,2/25/18,1.0,8.0,62.0,8.0,76.0,3.0,6.0,42.0,36.0,21.0,3.0,98.0,2.0,19.0,7.0,85.0,11.0,49.0,20.0,10.0,4.0,18.0,8.0,11.0,24.0,94.0,48.0,74.0,8.0,27.0,1.0,3.0,2.0,60.0,10.0,19.0,41.0,38.0,52.0,3.0,7.0,43.0,14.0,11.0,11.0,54.0,8.0,33.0,13.0,17.0,4.0,12.0,4.0,3.0,2.0,3.0,1.0,7.0,55.0,40.0,14.0,40.0,21.0,25.0,2.0,10.0,10.0,45.0
194,3/4/18,1.0,8.0,61.0,7.0,75.0,3.0,6.0,41.0,37.0,19.0,3.0,92.0,2.0,17.0,7.0,82.0,11.0,48.0,19.0,10.0,3.0,18.0,8.0,10.0,24.0,88.0,47.0,70.0,9.0,27.0,1.0,2.0,3.0,59.0,14.0,29.0,31.0,36.0,67.0,0.0,4.0,43.0,22.0,12.0,9.0,52.0,24.0,35.0,19.0,19.0,3.0,14.0,3.0,3.0,1.0,3.0,1.0,8.0,30.0,49.0,23.0,34.0,21.0,34.0,3.0,3.0,8.0,64.0
195,3/11/18,1.0,7.0,59.0,7.0,78.0,3.0,5.0,40.0,28.0,19.0,2.0,90.0,2.0,17.0,6.0,80.0,10.0,47.0,18.0,10.0,3.0,17.0,7.0,7.0,24.0,84.0,45.0,68.0,8.0,26.0,1.0,2.0,2.0,67.0,8.0,35.0,39.0,28.0,72.0,3.0,4.0,40.0,10.0,9.0,4.0,66.0,12.0,39.0,11.0,19.0,2.0,11.0,5.0,3.0,1.0,3.0,1.0,7.0,47.0,29.0,19.0,30.0,22.0,23.0,0.0,0.0,3.0,51.0
196,3/18/18,1.0,8.0,61.0,7.0,77.0,3.0,5.0,42.0,38.0,18.0,2.0,88.0,2.0,17.0,6.0,81.0,10.0,48.0,19.0,10.0,4.0,18.0,7.0,9.0,26.0,85.0,46.0,66.0,8.0,26.0,1.0,2.0,2.0,63.0,10.0,30.0,41.0,44.0,62.0,3.0,4.0,48.0,14.0,9.0,2.0,72.0,13.0,41.0,11.0,17.0,3.0,12.0,4.0,3.0,1.0,3.0,1.0,7.0,33.0,44.0,16.0,26.0,26.0,31.0,4.0,6.0,8.0,52.0
197,3/25/18,1.0,7.0,61.0,7.0,82.0,3.0,6.0,43.0,39.0,18.0,2.0,90.0,3.0,16.0,6.0,84.0,10.0,51.0,18.0,9.0,4.0,18.0,7.0,7.0,25.0,83.0,45.0,68.0,8.0,36.0,1.0,2.0,2.0,71.0,6.0,35.0,41.0,38.0,74.0,2.0,3.0,48.0,14.0,16.0,2.0,69.0,19.0,33.0,8.0,18.0,4.0,18.0,3.0,3.0,1.0,3.0,2.0,8.0,35.0,27.0,20.0,31.0,24.0,30.0,5.0,3.0,7.0,40.0
198,4/1/18,1.0,8.0,61.0,7.0,78.0,3.0,5.0,45.0,53.0,20.0,2.0,95.0,3.0,17.0,7.0,82.0,10.0,50.0,18.0,10.0,4.0,18.0,7.0,8.0,25.0,86.0,45.0,70.0,8.0,29.0,1.0,2.0,2.0,63.0,13.0,14.0,40.0,40.0,70.0,9.0,4.0,45.0,27.0,14.0,10.0,58.0,11.0,37.0,9.0,20.0,3.0,16.0,4.0,3.0,1.0,3.0,2.0,0.0,34.0,42.0,14.0,24.0,21.0,15.0,0.0,5.0,5.0,52.0
199,4/8/18,1.0,8.0,62.0,6.0,73.0,3.0,6.0,45.0,40.0,22.0,3.0,93.0,2.0,19.0,7.0,84.0,10.0,49.0,19.0,11.0,4.0,18.0,8.0,9.0,30.0,89.0,47.0,70.0,8.0,28.0,1.0,2.0,2.0,59.0,14.0,29.0,40.0,30.0,63.0,3.0,5.0,42.0,11.0,15.0,8.0,64.0,16.0,36.0,9.0,16.0,3.0,14.0,3.0,5.0,1.0,3.0,1.0,0.0,68.0,38.0,17.0,22.0,23.0,23.0,0.0,3.0,8.0,31.0
200,4/15/18,1.0,8.0,60.0,6.0,76.0,3.0,6.0,44.0,30.0,23.0,2.0,92.0,2.0,20.0,6.0,84.0,11.0,49.0,19.0,11.0,4.0,18.0,8.0,8.0,29.0,88.0,46.0,68.0,8.0,30.0,1.0,2.0,2.0,63.0,5.0,31.0,43.0,30.0,72.0,3.0,2.0,42.0,13.0,15.0,6.0,60.0,10.0,30.0,15.0,17.0,2.0,14.0,4.0,3.0,1.0,3.0,1.0,0.0,59.0,37.0,23.0,18.0,18.0,28.0,2.0,3.0,5.0,34.0
201,4/22/18,1.0,8.0,61.0,6.0,75.0,3.0,6.0,44.0,31.0,18.0,3.0,88.0,2.0,15.0,6.0,81.0,10.0,49.0,20.0,10.0,4.0,18.0,8.0,10.0,27.0,87.0,46.0,67.0,8.0,28.0,1.0,2.0,2.0,55.0,7.0,27.0,25.0,26.0,64.0,2.0,7.0,48.0,19.0,12.0,4.0,73.0,5.0,23.0,12.0,15.0,6.0,11.0,4.0,2.0,1.0,3.0,1.0,11.0,49.0,23.0,16.0,27.0,29.0,24.0,2.0,3.0,3.0,30.0
202,4/29/18,1.0,8.0,60.0,6.0,77.0,3.0,6.0,45.0,29.0,17.0,3.0,95.0,2.0,14.0,6.0,85.0,10.0,48.0,19.0,10.0,4.0,18.0,8.0,10.0,26.0,84.0,47.0,67.0,7.0,28.0,1.0,2.0,2.0,64.0,4.0,21.0,42.0,27.0,78.0,3.0,4.0,40.0,5.0,12.0,7.0,61.0,6.0,25.0,8.0,18.0,4.0,12.0,3.0,4.0,1.0,3.0,2.0,0.0,67.0,47.0,19.0,28.0,20.0,22.0,0.0,3.0,7.0,35.0
203,5/6/18,1.0,7.0,61.0,6.0,81.0,3.0,6.0,41.0,29.0,16.0,3.0,88.0,2.0,14.0,6.0,82.0,10.0,48.0,19.0,10.0,4.0,19.0,7.0,9.0,27.0,82.0,45.0,70.0,7.0,30.0,1.0,2.0,2.0,56.0,8.0,27.0,42.0,34.0,75.0,2.0,6.0,40.0,13.0,15.0,5.0,74.0,9.0,45.0,11.0,14.0,2.0,12.0,4.0,2.0,1.0,3.0,1.0,16.0,51.0,39.0,19.0,34.0,23.0,36.0,2.0,3.0,5.0,48.0
204,5/13/18,1.0,7.0,62.0,6.0,80.0,2.0,5.0,41.0,26.0,15.0,2.0,91.0,2.0,13.0,6.0,80.0,12.0,46.0,17.0,9.0,4.0,19.0,7.0,7.0,28.0,74.0,43.0,74.0,8.0,32.0,1.0,2.0,1.0,55.0,8.0,31.0,46.0,30.0,89.0,5.0,5.0,38.0,4.0,8.0,7.0,74.0,9.0,32.0,7.0,14.0,2.0,12.0,3.0,2.0,1.0,3.0,1.0,8.0,43.0,47.0,14.0,40.0,20.0,24.0,0.0,7.0,0.0,23.0
205,5/20/18,1.0,7.0,60.0,5.0,77.0,2.0,5.0,40.0,26.0,15.0,2.0,89.0,2.0,13.0,6.0,81.0,10.0,47.0,17.0,9.0,5.0,19.0,6.0,7.0,26.0,70.0,41.0,75.0,8.0,29.0,1.0,1.0,1.0,55.0,6.0,21.0,31.0,26.0,77.0,2.0,2.0,40.0,7.0,10.0,12.0,65.0,17.0,26.0,11.0,16.0,2.0,14.0,5.0,3.0,1.0,2.0,2.0,9.0,60.0,21.0,16.0,26.0,25.0,35.0,0.0,9.0,0.0,26.0
206,5/27/18,1.0,6.0,58.0,5.0,82.0,2.0,5.0,41.0,26.0,13.0,2.0,90.0,2.0,13.0,6.0,81.0,9.0,48.0,16.0,8.0,4.0,18.0,6.0,5.0,24.0,69.0,39.0,74.0,7.0,31.0,1.0,2.0,3.0,51.0,16.0,16.0,36.0,29.0,88.0,2.0,7.0,34.0,11.0,11.0,5.0,57.0,10.0,27.0,18.0,14.0,2.0,12.0,5.0,2.0,1.0,4.0,1.0,0.0,22.0,31.0,15.0,36.0,17.0,29.0,3.0,4.0,4.0,31.0
207,6/3/18,1.0,7.0,55.0,6.0,79.0,2.0,4.0,41.0,26.0,14.0,2.0,92.0,2.0,13.0,6.0,80.0,8.0,48.0,16.0,9.0,5.0,18.0,6.0,5.0,24.0,70.0,40.0,70.0,7.0,30.0,1.0,2.0,2.0,53.0,5.0,27.0,40.0,43.0,75.0,6.0,9.0,38.0,6.0,10.0,6.0,58.0,20.0,20.0,15.0,15.0,4.0,19.0,4.0,4.0,1.0,2.0,1.0,0.0,33.0,21.0,18.0,35.0,18.0,35.0,0.0,5.0,0.0,31.0
208,6/10/18,1.0,7.0,57.0,6.0,85.0,2.0,4.0,42.0,27.0,15.0,1.0,93.0,2.0,12.0,6.0,80.0,8.0,47.0,16.0,9.0,4.0,18.0,6.0,5.0,26.0,73.0,40.0,77.0,8.0,31.0,1.0,1.0,2.0,57.0,5.0,31.0,49.0,38.0,65.0,4.0,3.0,42.0,6.0,12.0,2.0,70.0,11.0,37.0,6.0,15.0,2.0,12.0,3.0,2.0,1.0,2.0,1.0,0.0,25.0,25.0,17.0,32.0,20.0,33.0,0.0,4.0,4.0,41.0
209,6/17/18,1.0,7.0,55.0,6.0,88.0,2.0,4.0,41.0,31.0,14.0,1.0,93.0,2.0,13.0,6.0,84.0,7.0,48.0,16.0,9.0,4.0,18.0,6.0,5.0,24.0,77.0,39.0,73.0,8.0,31.0,1.0,1.0,2.0,55.0,4.0,32.0,44.0,31.0,89.0,5.0,3.0,40.0,16.0,11.0,2.0,53.0,10.0,20.0,13.0,20.0,1.0,10.0,4.0,4.0,1.0,2.0,1.0,0.0,36.0,44.0,12.0,27.0,20.0,32.0,0.0,7.0,4.0,19.0
210,6/24/18,1.0,7.0,55.0,5.0,89.0,2.0,4.0,42.0,32.0,14.0,1.0,93.0,2.0,12.0,6.0,79.0,7.0,47.0,16.0,9.0,4.0,19.0,6.0,4.0,24.0,73.0,38.0,71.0,8.0,31.0,1.0,1.0,2.0,56.0,17.0,34.0,41.0,39.0,89.0,0.0,2.0,44.0,7.0,6.0,4.0,80.0,15.0,26.0,15.0,10.0,2.0,13.0,4.0,3.0,0.0,3.0,1.0,0.0,26.0,13.0,13.0,30.0,20.0,20.0,0.0,4.0,4.0,36.0
211,7/1/18,1.0,6.0,53.0,5.0,91.0,2.0,4.0,40.0,23.0,11.0,1.0,96.0,3.0,12.0,6.0,81.0,7.0,46.0,14.0,8.0,4.0,19.0,5.0,4.0,23.0,66.0,39.0,73.0,9.0,32.0,1.0,1.0,2.0,47.0,13.0,22.0,33.0,32.0,77.0,2.0,0.0,34.0,10.0,5.0,3.0,70.0,5.0,25.0,8.0,12.0,3.0,13.0,5.0,2.0,1.0,3.0,1.0,9.0,31.0,13.0,11.0,26.0,12.0,19.0,0.0,0.0,0.0,28.0
212,7/8/18,1.0,7.0,55.0,5.0,88.0,2.0,4.0,44.0,29.0,14.0,1.0,96.0,2.0,13.0,7.0,80.0,8.0,48.0,16.0,9.0,4.0,19.0,6.0,4.0,24.0,73.0,40.0,76.0,7.0,31.0,1.0,1.0,2.0,54.0,8.0,20.0,37.0,25.0,100.0,4.0,11.0,49.0,7.0,12.0,7.0,75.0,20.0,20.0,10.0,19.0,3.0,14.0,5.0,4.0,1.0,3.0,1.0,9.0,26.0,21.0,16.0,41.0,12.0,18.0,0.0,8.0,4.0,28.0
213,7/15/18,1.0,7.0,56.0,5.0,88.0,2.0,4.0,44.0,26.0,14.0,1.0,92.0,2.0,13.0,6.0,82.0,7.0,50.0,15.0,9.0,4.0,18.0,6.0,4.0,27.0,72.0,38.0,76.0,8.0,35.0,1.0,2.0,2.0,55.0,13.0,22.0,43.0,33.0,63.0,3.0,3.0,37.0,8.0,11.0,4.0,57.0,14.0,19.0,9.0,19.0,2.0,16.0,4.0,3.0,1.0,2.0,2.0,0.0,30.0,17.0,11.0,28.0,29.0,44.0,0.0,8.0,4.0,34.0
214,7/22/18,1.0,7.0,59.0,6.0,91.0,2.0,5.0,44.0,28.0,14.0,1.0,90.0,2.0,13.0,6.0,81.0,7.0,49.0,18.0,9.0,4.0,18.0,6.0,4.0,24.0,75.0,38.0,74.0,8.0,32.0,1.0,1.0,2.0,54.0,7.0,35.0,50.0,29.0,97.0,4.0,2.0,45.0,10.0,11.0,4.0,65.0,15.0,26.0,14.0,15.0,2.0,18.0,5.0,3.0,1.0,2.0,1.0,9.0,60.0,39.0,8.0,45.0,30.0,39.0,0.0,4.0,4.0,30.0
215,7/29/18,1.0,7.0,56.0,6.0,88.0,2.0,4.0,47.0,26.0,14.0,1.0,97.0,2.0,13.0,6.0,82.0,7.0,47.0,17.0,9.0,4.0,18.0,6.0,4.0,23.0,73.0,38.0,73.0,8.0,32.0,1.0,1.0,2.0,58.0,12.0,35.0,31.0,38.0,73.0,4.0,6.0,44.0,15.0,8.0,5.0,63.0,4.0,29.0,11.0,16.0,3.0,12.0,4.0,3.0,1.0,4.0,1.0,9.0,53.0,35.0,11.0,38.0,23.0,31.0,3.0,0.0,4.0,41.0
216,8/5/18,1.0,7.0,55.0,6.0,87.0,2.0,4.0,44.0,23.0,13.0,1.0,93.0,2.0,13.0,6.0,79.0,7.0,48.0,16.0,9.0,4.0,18.0,6.0,4.0,26.0,70.0,38.0,75.0,8.0,31.0,1.0,1.0,9.0,58.0,15.0,38.0,38.0,29.0,80.0,3.0,5.0,43.0,9.0,10.0,3.0,51.0,13.0,30.0,9.0,16.0,1.0,15.0,4.0,3.0,1.0,3.0,1.0,18.0,39.0,48.0,11.0,28.0,23.0,24.0,0.0,6.0,4.0,31.0
217,8/12/18,1.0,7.0,57.0,6.0,88.0,2.0,4.0,46.0,26.0,13.0,2.0,93.0,2.0,13.0,6.0,80.0,8.0,52.0,17.0,9.0,4.0,18.0,7.0,4.0,28.0,69.0,43.0,72.0,9.0,34.0,1.0,2.0,2.0,55.0,6.0,37.0,39.0,32.0,61.0,2.0,4.0,54.0,12.0,10.0,8.0,77.0,18.0,31.0,12.0,17.0,2.0,15.0,3.0,3.0,1.0,3.0,1.0,0.0,36.0,72.0,8.0,25.0,16.0,40.0,0.0,0.0,8.0,42.0
218,8/19/18,1.0,7.0,57.0,6.0,82.0,2.0,4.0,42.0,26.0,13.0,2.0,89.0,2.0,13.0,5.0,77.0,9.0,51.0,18.0,9.0,4.0,18.0,6.0,6.0,30.0,70.0,43.0,72.0,8.0,36.0,1.0,2.0,2.0,54.0,19.0,32.0,29.0,36.0,74.0,4.0,8.0,42.0,5.0,5.0,9.0,89.0,12.0,33.0,17.0,16.0,2.0,15.0,6.0,3.0,1.0,3.0,1.0,9.0,49.0,36.0,16.0,35.0,22.0,47.0,4.0,4.0,8.0,23.0
219,8/26/18,1.0,7.0,56.0,7.0,78.0,2.0,5.0,41.0,28.0,13.0,3.0,88.0,2.0,13.0,5.0,79.0,11.0,50.0,19.0,9.0,4.0,18.0,8.0,7.0,29.0,73.0,43.0,71.0,8.0,36.0,1.0,2.0,20.0,54.0,3.0,30.0,50.0,37.0,68.0,2.0,7.0,50.0,3.0,12.0,5.0,58.0,14.0,28.0,10.0,14.0,3.0,17.0,4.0,3.0,1.0,2.0,1.0,0.0,17.0,35.0,25.0,26.0,20.0,27.0,3.0,4.0,8.0,15.0
220,9/2/18,1.0,7.0,59.0,7.0,80.0,2.0,5.0,37.0,20.0,14.0,3.0,89.0,2.0,13.0,5.0,82.0,11.0,49.0,19.0,9.0,4.0,18.0,8.0,8.0,30.0,73.0,44.0,70.0,8.0,32.0,1.0,2.0,7.0,50.0,8.0,36.0,48.0,29.0,60.0,2.0,6.0,38.0,5.0,9.0,5.0,60.0,16.0,32.0,10.0,15.0,3.0,15.0,3.0,2.0,1.0,2.0,1.0,0.0,50.0,50.0,15.0,34.0,27.0,39.0,3.0,0.0,4.0,13.0
221,9/9/18,1.0,8.0,58.0,7.0,72.0,2.0,5.0,37.0,22.0,15.0,3.0,87.0,2.0,13.0,6.0,77.0,11.0,50.0,20.0,10.0,3.0,18.0,8.0,10.0,29.0,79.0,44.0,67.0,8.0,35.0,1.0,2.0,5.0,51.0,16.0,32.0,32.0,50.0,62.0,3.0,7.0,37.0,6.0,9.0,15.0,47.0,9.0,30.0,8.0,17.0,2.0,14.0,4.0,3.0,1.0,2.0,1.0,0.0,49.0,19.0,24.0,23.0,17.0,37.0,2.0,0.0,10.0,25.0
222,9/16/18,1.0,8.0,59.0,8.0,76.0,3.0,5.0,38.0,25.0,16.0,3.0,84.0,2.0,14.0,6.0,79.0,12.0,51.0,20.0,10.0,4.0,18.0,8.0,13.0,29.0,81.0,46.0,69.0,8.0,31.0,1.0,2.0,5.0,54.0,11.0,39.0,43.0,37.0,72.0,3.0,4.0,33.0,6.0,12.0,16.0,62.0,13.0,39.0,9.0,16.0,4.0,11.0,4.0,3.0,1.0,2.0,1.0,8.0,52.0,16.0,23.0,35.0,27.0,33.0,2.0,3.0,5.0,21.0
223,9/23/18,1.0,8.0,60.0,7.0,74.0,3.0,5.0,37.0,23.0,15.0,3.0,83.0,2.0,13.0,5.0,77.0,12.0,51.0,20.0,9.0,4.0,18.0,9.0,13.0,32.0,79.0,47.0,68.0,9.0,27.0,1.0,2.0,3.0,52.0,12.0,25.0,28.0,44.0,71.0,4.0,5.0,31.0,5.0,9.0,9.0,71.0,16.0,36.0,16.0,16.0,3.0,13.0,4.0,3.0,1.0,2.0,1.0,8.0,48.0,12.0,27.0,21.0,18.0,32.0,2.0,0.0,5.0,32.0
224,9/30/18,1.0,8.0,61.0,7.0,75.0,3.0,6.0,37.0,25.0,15.0,3.0,87.0,2.0,13.0,6.0,81.0,12.0,62.0,20.0,10.0,4.0,18.0,8.0,14.0,32.0,80.0,46.0,69.0,9.0,29.0,1.0,2.0,6.0,58.0,3.0,16.0,46.0,49.0,64.0,6.0,3.0,39.0,10.0,8.0,12.0,78.0,14.0,38.0,19.0,15.0,3.0,18.0,4.0,3.0,1.0,1.0,2.0,0.0,45.0,49.0,19.0,35.0,33.0,26.0,0.0,5.0,4.0,16.0
225,10/7/18,1.0,7.0,59.0,8.0,76.0,2.0,6.0,37.0,43.0,15.0,3.0,88.0,3.0,14.0,6.0,81.0,12.0,58.0,19.0,10.0,4.0,18.0,8.0,13.0,30.0,81.0,44.0,71.0,8.0,38.0,1.0,2.0,2.0,66.0,9.0,28.0,47.0,75.0,60.0,3.0,7.0,48.0,27.0,9.0,7.0,62.0,20.0,39.0,18.0,15.0,4.0,18.0,4.0,3.0,1.0,3.0,2.0,0.0,32.0,24.0,23.0,29.0,24.0,21.0,2.0,11.0,4.0,46.0
226,10/14/18,1.0,8.0,59.0,7.0,74.0,3.0,5.0,37.0,37.0,16.0,3.0,84.0,2.0,13.0,6.0,79.0,11.0,55.0,20.0,10.0,4.0,17.0,8.0,13.0,28.0,82.0,44.0,74.0,8.0,26.0,1.0,2.0,2.0,86.0,13.0,21.0,40.0,51.0,71.0,5.0,3.0,48.0,14.0,12.0,13.0,66.0,13.0,38.0,12.0,13.0,5.0,17.0,5.0,3.0,1.0,3.0,1.0,0.0,38.0,34.0,19.0,26.0,19.0,18.0,5.0,0.0,0.0,56.0
227,10/21/18,1.0,8.0,58.0,7.0,72.0,3.0,6.0,37.0,43.0,15.0,3.0,81.0,2.0,13.0,6.0,82.0,11.0,56.0,19.0,10.0,4.0,17.0,8.0,12.0,29.0,83.0,43.0,70.0,8.0,24.0,1.0,2.0,2.0,56.0,10.0,33.0,30.0,51.0,72.0,6.0,6.0,50.0,22.0,12.0,9.0,56.0,8.0,25.0,8.0,19.0,2.0,16.0,3.0,3.0,0.0,3.0,1.0,0.0,74.0,49.0,29.0,21.0,24.0,26.0,5.0,4.0,0.0,25.0
228,10/28/18,1.0,7.0,59.0,6.0,73.0,3.0,6.0,37.0,41.0,15.0,3.0,84.0,2.0,13.0,6.0,81.0,12.0,51.0,20.0,10.0,3.0,17.0,8.0,12.0,31.0,82.0,44.0,71.0,8.0,25.0,1.0,2.0,2.0,54.0,11.0,33.0,53.0,49.0,54.0,4.0,7.0,40.0,13.0,9.0,7.0,55.0,17.0,38.0,7.0,15.0,2.0,14.0,4.0,3.0,2.0,2.0,1.0,8.0,59.0,46.0,19.0,29.0,19.0,20.0,3.0,6.0,0.0,31.0
229,11/4/18,1.0,7.0,60.0,6.0,73.0,3.0,6.0,38.0,34.0,14.0,3.0,83.0,2.0,13.0,6.0,79.0,11.0,49.0,20.0,9.0,3.0,18.0,9.0,11.0,33.0,83.0,43.0,74.0,8.0,27.0,1.0,2.0,3.0,53.0,18.0,26.0,33.0,23.0,68.0,2.0,3.0,38.0,13.0,12.0,5.0,59.0,12.0,21.0,8.0,17.0,3.0,12.0,4.0,2.0,0.0,2.0,1.0,7.0,53.0,32.0,15.0,26.0,18.0,27.0,2.0,3.0,9.0,30.0
230,11/11/18,1.0,7.0,58.0,6.0,72.0,2.0,6.0,36.0,36.0,14.0,2.0,85.0,2.0,13.0,6.0,79.0,12.0,49.0,18.0,9.0,3.0,17.0,8.0,10.0,29.0,78.0,44.0,75.0,9.0,33.0,1.0,2.0,2.0,50.0,14.0,29.0,50.0,47.0,62.0,2.0,6.0,43.0,11.0,9.0,4.0,62.0,16.0,40.0,17.0,16.0,3.0,16.0,4.0,2.0,1.0,3.0,1.0,0.0,54.0,25.0,22.0,33.0,19.0,29.0,3.0,4.0,7.0,31.0
231,11/18/18,1.0,6.0,56.0,5.0,74.0,2.0,5.0,28.0,33.0,11.0,1.0,81.0,2.0,13.0,5.0,74.0,11.0,43.0,14.0,7.0,3.0,15.0,6.0,6.0,26.0,62.0,36.0,97.0,7.0,28.0,1.0,1.0,2.0,46.0,6.0,36.0,34.0,39.0,67.0,5.0,8.0,36.0,23.0,10.0,4.0,40.0,11.0,33.0,11.0,13.0,5.0,14.0,4.0,3.0,1.0,3.0,1.0,0.0,84.0,30.0,18.0,27.0,23.0,32.0,0.0,0.0,0.0,22.0
232,11/25/18,1.0,8.0,60.0,6.0,67.0,3.0,6.0,37.0,37.0,15.0,2.0,88.0,2.0,15.0,7.0,82.0,13.0,50.0,18.0,9.0,3.0,17.0,8.0,10.0,29.0,83.0,43.0,92.0,8.0,27.0,1.0,2.0,2.0,56.0,11.0,27.0,42.0,42.0,72.0,3.0,2.0,40.0,19.0,12.0,14.0,78.0,20.0,46.0,8.0,20.0,4.0,17.0,4.0,4.0,1.0,2.0,1.0,0.0,50.0,33.0,14.0,24.0,23.0,25.0,3.0,4.0,4.0,31.0
233,12/2/18,2.0,8.0,60.0,6.0,70.0,3.0,6.0,36.0,48.0,15.0,3.0,88.0,3.0,14.0,7.0,83.0,15.0,48.0,19.0,9.0,3.0,17.0,9.0,10.0,28.0,87.0,44.0,86.0,8.0,35.0,1.0,2.0,3.0,55.0,12.0,31.0,34.0,40.0,78.0,3.0,3.0,35.0,29.0,12.0,8.0,85.0,18.0,33.0,19.0,16.0,4.0,15.0,4.0,3.0,1.0,3.0,2.0,0.0,54.0,25.0,20.0,38.0,41.0,52.0,0.0,5.0,4.0,31.0
234,12/9/18,1.0,8.0,60.0,6.0,75.0,3.0,6.0,36.0,47.0,14.0,3.0,87.0,2.0,14.0,7.0,86.0,13.0,48.0,19.0,9.0,3.0,16.0,9.0,11.0,29.0,83.0,44.0,90.0,8.0,27.0,1.0,2.0,2.0,61.0,21.0,40.0,40.0,51.0,75.0,4.0,3.0,40.0,13.0,12.0,8.0,58.0,13.0,30.0,9.0,14.0,4.0,12.0,3.0,2.0,1.0,3.0,1.0,9.0,65.0,35.0,12.0,36.0,29.0,22.0,3.0,8.0,4.0,44.0
235,12/16/18,2.0,7.0,57.0,8.0,79.0,2.0,5.0,32.0,64.0,13.0,2.0,88.0,2.0,15.0,7.0,87.0,12.0,46.0,16.0,8.0,3.0,15.0,7.0,7.0,29.0,70.0,39.0,93.0,8.0,28.0,1.0,2.0,2.0,51.0,38.0,30.0,39.0,70.0,64.0,11.0,8.0,39.0,32.0,13.0,8.0,76.0,21.0,47.0,15.0,22.0,3.0,17.0,3.0,4.0,2.0,3.0,1.0,0.0,52.0,38.0,23.0,35.0,17.0,27.0,4.0,0.0,0.0,44.0
236,12/23/18,1.0,6.0,52.0,8.0,91.0,2.0,4.0,28.0,77.0,8.0,1.0,83.0,3.0,16.0,7.0,84.0,9.0,39.0,12.0,6.0,3.0,16.0,5.0,2.0,26.0,50.0,32.0,100.0,8.0,31.0,1.0,1.0,2.0,43.0,38.0,24.0,45.0,54.0,84.0,5.0,3.0,34.0,35.0,8.0,5.0,56.0,21.0,48.0,10.0,19.0,2.0,17.0,4.0,2.0,2.0,5.0,1.0,11.0,74.0,45.0,16.0,42.0,9.0,29.0,0.0,5.0,5.0,23.0
237,12/30/18,1.0,7.0,56.0,7.0,89.0,2.0,4.0,35.0,56.0,12.0,1.0,92.0,2.0,17.0,8.0,87.0,8.0,44.0,15.0,7.0,3.0,18.0,5.0,3.0,28.0,61.0,36.0,86.0,8.0,32.0,1.0,1.0,1.0,50.0,14.0,37.0,29.0,34.0,82.0,2.0,4.0,36.0,25.0,8.0,6.0,52.0,16.0,37.0,16.0,16.0,2.0,14.0,3.0,3.0,1.0,4.0,1.0,10.0,64.0,59.0,16.0,31.0,19.0,25.0,3.0,4.0,0.0,39.0
238,1/6/19,1.0,8.0,58.0,7.0,77.0,3.0,5.0,40.0,53.0,15.0,3.0,87.0,2.0,18.0,9.0,88.0,10.0,48.0,18.0,9.0,3.0,19.0,7.0,6.0,33.0,74.0,42.0,82.0,9.0,28.0,1.0,2.0,2.0,64.0,15.0,34.0,30.0,37.0,74.0,8.0,4.0,42.0,17.0,14.0,9.0,69.0,9.0,52.0,11.0,16.0,4.0,14.0,4.0,3.0,1.0,3.0,1.0,0.0,80.0,25.0,14.0,37.0,26.0,31.0,3.0,7.0,4.0,35.0
239,1/13/19,1.0,8.0,58.0,7.0,77.0,3.0,5.0,41.0,45.0,16.0,3.0,87.0,2.0,18.0,9.0,85.0,11.0,49.0,19.0,9.0,3.0,18.0,7.0,7.0,31.0,80.0,43.0,78.0,8.0,28.0,1.0,2.0,2.0,74.0,15.0,33.0,35.0,40.0,68.0,0.0,3.0,47.0,20.0,11.0,7.0,69.0,11.0,42.0,15.0,17.0,2.0,14.0,4.0,4.0,2.0,3.0,1.0,0.0,67.0,54.0,20.0,33.0,19.0,35.0,3.0,6.0,0.0,100.0
240,1/20/19,1.0,8.0,58.0,6.0,80.0,3.0,5.0,39.0,39.0,15.0,3.0,88.0,2.0,18.0,9.0,85.0,10.0,49.0,19.0,9.0,3.0,18.0,8.0,7.0,33.0,82.0,42.0,78.0,8.0,36.0,1.0,2.0,2.0,59.0,10.0,26.0,41.0,25.0,62.0,2.0,2.0,40.0,14.0,14.0,8.0,61.0,15.0,45.0,10.0,19.0,2.0,11.0,4.0,2.0,1.0,3.0,2.0,0.0,54.0,75.0,19.0,26.0,35.0,43.0,3.0,4.0,7.0,52.0
241,1/27/19,1.0,8.0,58.0,7.0,75.0,3.0,5.0,41.0,41.0,18.0,3.0,92.0,2.0,20.0,8.0,86.0,10.0,53.0,20.0,10.0,3.0,18.0,8.0,8.0,29.0,84.0,45.0,75.0,8.0,28.0,1.0,2.0,2.0,62.0,8.0,29.0,56.0,37.0,62.0,4.0,6.0,43.0,16.0,26.0,8.0,53.0,10.0,35.0,11.0,15.0,3.0,21.0,5.0,4.0,1.0,3.0,1.0,0.0,75.0,54.0,18.0,23.0,30.0,33.0,0.0,4.0,9.0,46.0
242,2/3/19,1.0,8.0,59.0,7.0,74.0,2.0,6.0,40.0,36.0,19.0,3.0,93.0,2.0,21.0,8.0,84.0,11.0,52.0,20.0,10.0,3.0,18.0,8.0,9.0,27.0,90.0,45.0,81.0,8.0,28.0,1.0,2.0,2.0,60.0,8.0,28.0,35.0,41.0,63.0,0.0,5.0,44.0,9.0,16.0,8.0,65.0,15.0,43.0,6.0,15.0,4.0,15.0,5.0,2.0,1.0,3.0,1.0,8.0,57.0,53.0,19.0,31.0,15.0,34.0,2.0,7.0,4.0,50.0
243,2/10/19,1.0,10.0,59.0,6.0,87.0,3.0,6.0,39.0,38.0,20.0,3.0,92.0,2.0,21.0,7.0,87.0,11.0,48.0,20.0,10.0,3.0,19.0,8.0,10.0,28.0,85.0,44.0,82.0,8.0,28.0,1.0,2.0,3.0,62.0,16.0,22.0,41.0,35.0,55.0,0.0,5.0,45.0,11.0,16.0,7.0,47.0,6.0,42.0,5.0,16.0,3.0,14.0,5.0,3.0,1.0,2.0,1.0,8.0,50.0,38.0,19.0,25.0,23.0,25.0,0.0,0.0,6.0,50.0
244,2/17/19,1.0,8.0,60.0,6.0,80.0,3.0,6.0,41.0,33.0,20.0,2.0,93.0,2.0,22.0,7.0,85.0,10.0,48.0,19.0,10.0,3.0,19.0,8.0,10.0,28.0,89.0,42.0,77.0,7.0,35.0,1.0,2.0,2.0,60.0,10.0,29.0,38.0,29.0,86.0,2.0,3.0,36.0,9.0,15.0,12.0,70.0,12.0,48.0,8.0,20.0,3.0,13.0,4.0,3.0,1.0,2.0,1.0,0.0,80.0,50.0,14.0,37.0,25.0,43.0,5.0,0.0,4.0,31.0
245,2/24/19,1.0,8.0,60.0,7.0,77.0,3.0,6.0,41.0,36.0,20.0,3.0,93.0,2.0,19.0,7.0,86.0,11.0,50.0,20.0,10.0,3.0,19.0,8.0,9.0,31.0,87.0,45.0,73.0,8.0,27.0,1.0,2.0,2.0,59.0,19.0,38.0,31.0,34.0,61.0,2.0,3.0,56.0,12.0,11.0,7.0,53.0,16.0,43.0,8.0,16.0,4.0,11.0,4.0,4.0,1.0,3.0,1.0,0.0,52.0,48.0,17.0,23.0,22.0,21.0,2.0,4.0,0.0,37.0
246,3/3/19,1.0,8.0,61.0,6.0,80.0,3.0,6.0,42.0,35.0,19.0,2.0,92.0,2.0,17.0,6.0,83.0,11.0,65.0,19.0,10.0,3.0,19.0,8.0,9.0,27.0,84.0,45.0,73.0,7.0,27.0,1.0,2.0,2.0,60.0,21.0,36.0,43.0,42.0,69.0,6.0,2.0,56.0,13.0,21.0,2.0,71.0,9.0,31.0,10.0,15.0,2.0,20.0,4.0,3.0,1.0,3.0,1.0,0.0,43.0,30.0,14.0,22.0,22.0,28.0,3.0,11.0,0.0,40.0
247,3/10/19,1.0,8.0,59.0,7.0,78.0,3.0,5.0,40.0,32.0,19.0,2.0,90.0,2.0,17.0,6.0,81.0,10.0,53.0,18.0,10.0,4.0,18.0,7.0,8.0,29.0,80.0,43.0,81.0,7.0,26.0,1.0,33.0,2.0,57.0,16.0,16.0,48.0,35.0,63.0,2.0,2.0,36.0,10.0,16.0,8.0,53.0,13.0,30.0,7.0,17.0,2.0,18.0,5.0,2.0,1.0,3.0,1.0,8.0,54.0,41.0,25.0,42.0,21.0,24.0,3.0,31.0,7.0,40.0
248,3/17/19,1.0,8.0,61.0,7.0,81.0,3.0,5.0,42.0,35.0,18.0,2.0,88.0,2.0,16.0,6.0,81.0,11.0,52.0,19.0,10.0,4.0,17.0,7.0,8.0,32.0,80.0,44.0,71.0,7.0,27.0,1.0,7.0,2.0,57.0,20.0,36.0,37.0,44.0,58.0,2.0,3.0,49.0,11.0,9.0,8.0,86.0,10.0,30.0,8.0,15.0,3.0,20.0,4.0,3.0,1.0,3.0,1.0,0.0,100.0,26.0,17.0,34.0,19.0,34.0,0.0,15.0,4.0,33.0
249,3/24/19,1.0,7.0,61.0,7.0,79.0,3.0,6.0,44.0,34.0,18.0,2.0,90.0,2.0,16.0,6.0,80.0,10.0,51.0,19.0,10.0,4.0,17.0,7.0,7.0,28.0,82.0,45.0,73.0,9.0,28.0,1.0,4.0,2.0,56.0,36.0,34.0,33.0,28.0,64.0,5.0,7.0,46.0,13.0,17.0,8.0,74.0,19.0,43.0,8.0,17.0,4.0,16.0,5.0,3.0,1.0,2.0,3.0,0.0,54.0,22.0,15.0,25.0,19.0,22.0,0.0,10.0,4.0,24.0
250,3/31/19,1.0,8.0,60.0,6.0,76.0,3.0,6.0,46.0,35.0,19.0,2.0,94.0,2.0,17.0,6.0,84.0,10.0,57.0,19.0,11.0,4.0,17.0,7.0,7.0,27.0,86.0,44.0,71.0,8.0,28.0,1.0,3.0,2.0,59.0,10.0,22.0,46.0,41.0,63.0,5.0,9.0,35.0,10.0,10.0,7.0,72.0,7.0,41.0,18.0,17.0,2.0,14.0,4.0,4.0,1.0,3.0,1.0,9.0,54.0,32.0,10.0,36.0,25.0,19.0,5.0,16.0,4.0,52.0
251,4/7/19,1.0,8.0,62.0,6.0,74.0,3.0,6.0,44.0,32.0,22.0,3.0,92.0,2.0,19.0,6.0,83.0,11.0,51.0,20.0,11.0,4.0,17.0,8.0,7.0,25.0,88.0,45.0,71.0,7.0,30.0,1.0,4.0,2.0,58.0,36.0,23.0,38.0,30.0,53.0,5.0,4.0,47.0,6.0,14.0,8.0,64.0,16.0,47.0,13.0,22.0,4.0,14.0,4.0,2.0,1.0,2.0,1.0,0.0,32.0,28.0,25.0,36.0,25.0,48.0,0.0,8.0,0.0,51.0
252,4/14/19,1.0,7.0,62.0,6.0,78.0,3.0,6.0,42.0,29.0,21.0,2.0,90.0,2.0,18.0,6.0,85.0,11.0,49.0,19.0,10.0,4.0,16.0,7.0,8.0,27.0,78.0,41.0,71.0,7.0,37.0,1.0,3.0,2.0,53.0,13.0,36.0,37.0,37.0,55.0,10.0,3.0,54.0,7.0,11.0,21.0,63.0,8.0,42.0,9.0,19.0,4.0,14.0,4.0,3.0,1.0,3.0,1.0,0.0,59.0,27.0,11.0,32.0,18.0,26.0,4.0,10.0,0.0,46.0
253,4/21/19,1.0,8.0,61.0,6.0,74.0,3.0,6.0,44.0,31.0,18.0,2.0,90.0,2.0,14.0,6.0,82.0,12.0,50.0,20.0,11.0,4.0,17.0,7.0,8.0,27.0,83.0,43.0,70.0,7.0,31.0,1.0,3.0,2.0,54.0,11.0,52.0,44.0,37.0,68.0,5.0,4.0,47.0,6.0,12.0,7.0,73.0,11.0,33.0,15.0,16.0,3.0,18.0,4.0,4.0,1.0,3.0,1.0,0.0,64.0,37.0,17.0,20.0,17.0,36.0,6.0,8.0,0.0,28.0
254,4/28/19,1.0,8.0,65.0,6.0,76.0,3.0,7.0,45.0,30.0,18.0,3.0,94.0,2.0,14.0,6.0,87.0,11.0,50.0,20.0,10.0,4.0,18.0,8.0,9.0,26.0,84.0,45.0,71.0,7.0,30.0,1.0,3.0,2.0,54.0,18.0,44.0,42.0,26.0,65.0,4.0,7.0,46.0,6.0,14.0,9.0,62.0,13.0,33.0,11.0,15.0,2.0,17.0,4.0,4.0,1.0,3.0,1.0,0.0,41.0,14.0,18.0,22.0,21.0,36.0,0.0,8.0,8.0,46.0
255,5/5/19,1.0,7.0,65.0,6.0,83.0,3.0,6.0,42.0,45.0,16.0,2.0,90.0,2.0,13.0,6.0,82.0,11.0,49.0,19.0,9.0,4.0,17.0,7.0,8.0,26.0,80.0,46.0,72.0,7.0,37.0,1.0,2.0,2.0,54.0,14.0,24.0,46.0,39.0,66.0,2.0,2.0,39.0,15.0,11.0,8.0,65.0,11.0,34.0,12.0,17.0,3.0,11.0,4.0,3.0,1.0,3.0,0.0,9.0,93.0,9.0,18.0,31.0,10.0,38.0,3.0,6.0,4.0,55.0
256,5/12/19,1.0,7.0,62.0,6.0,81.0,3.0,5.0,42.0,51.0,15.0,2.0,90.0,2.0,13.0,6.0,84.0,10.0,50.0,18.0,9.0,4.0,18.0,7.0,7.0,24.0,74.0,56.0,70.0,7.0,30.0,1.0,2.0,2.0,55.0,17.0,30.0,39.0,42.0,82.0,2.0,3.0,36.0,28.0,17.0,8.0,79.0,12.0,27.0,8.0,22.0,3.0,13.0,3.0,3.0,1.0,4.0,0.0,19.0,75.0,28.0,19.0,27.0,10.0,20.0,3.0,8.0,4.0,41.0
257,5/19/19,1.0,7.0,60.0,5.0,77.0,2.0,5.0,41.0,37.0,14.0,2.0,89.0,2.0,13.0,6.0,87.0,9.0,50.0,17.0,9.0,4.0,17.0,7.0,6.0,24.0,68.0,54.0,69.0,7.0,34.0,1.0,2.0,2.0,52.0,11.0,41.0,34.0,22.0,60.0,3.0,5.0,52.0,13.0,15.0,3.0,65.0,14.0,30.0,4.0,20.0,2.0,14.0,5.0,3.0,0.0,3.0,1.0,9.0,75.0,47.0,20.0,36.0,22.0,26.0,0.0,4.0,0.0,29.0
258,5/26/19,1.0,6.0,57.0,5.0,79.0,2.0,4.0,40.0,33.0,12.0,2.0,91.0,2.0,13.0,6.0,83.0,8.0,47.0,16.0,8.0,4.0,17.0,6.0,5.0,25.0,61.0,48.0,71.0,7.0,32.0,1.0,2.0,1.0,49.0,17.0,27.0,40.0,22.0,64.0,4.0,0.0,40.0,24.0,9.0,3.0,65.0,12.0,29.0,8.0,15.0,3.0,13.0,4.0,3.0,1.0,4.0,1.0,0.0,34.0,29.0,26.0,32.0,20.0,26.0,0.0,0.0,4.0,42.0
259,6/2/19,1.0,7.0,57.0,5.0,78.0,2.0,4.0,42.0,42.0,14.0,1.0,95.0,2.0,13.0,6.0,81.0,8.0,51.0,16.0,9.0,5.0,17.0,6.0,5.0,25.0,64.0,45.0,74.0,8.0,30.0,1.0,2.0,2.0,53.0,13.0,30.0,47.0,27.0,57.0,4.0,4.0,46.0,15.0,9.0,7.0,71.0,11.0,29.0,14.0,15.0,2.0,14.0,4.0,3.0,1.0,3.0,1.0,0.0,50.0,36.0,24.0,35.0,24.0,31.0,0.0,6.0,0.0,36.0
260,6/9/19,1.0,5.0,58.0,4.0,100.0,2.0,4.0,31.0,5.0,7.0,1.0,71.0,2.0,12.0,7.0,79.0,8.0,44.0,15.0,6.0,4.0,18.0,5.0,3.0,24.0,49.0,42.0,90.0,6.0,28.0,1.0,2.0,2.0,30.0,0.0,0.0,53.0,,,,,,,,0.0,92.0,23.0,46.0,0.0,34.0,0.0,10.0,3.0,0.0,0.0,3.0,0.0,0.0,80.0,0.0,49.0,73.0,0.0,0.0,0.0,0.0,35.0,0.0
