Date,recession,debt,color,stocks,restaurant,portfolio,inflation,housing,dow jones,revenue,economics,credit,markets,return,unemployment,money,religion,cancer,growth,investment,hedge,marriage,bonds,derivatives,headlines,profit,society,ring,wall street,banks,greed,bribery,insider trading,bankruptcy,recession,debt,color,stocks,restaurant,portfolio,inflation,housing,dow jones,revenue,economics,credit,markets,return,unemployment,money,religion,cancer,growth,investment,hedge,marriage,bonds,derivatives,headlines,profit,society,ring,wall street,banks,greed,bribery,insider trading,bankruptcy,Datetimes
6/15/14,0,6,48,4,62,2,4,40,6,14,1,80,2,11,10,76,8,47,13,9,3,23,6,5,14,71,46,60,14,35,1,2,3,57,3,26,30,8,42,3,10,20,3,10,5,53,7,15,62,13,3,13,1,1,1,10,1,5,14,27,15,12,23,34,3,10,10,18,6/15/14
6/22/14,0,6,49,4,62,2,4,40,6,14,1,81,2,11,10,78,8,46,14,9,4,26,6,5,13,71,43,59,14,31,1,2,2,60,1,16,30,15,38,1,3,18,1,7,3,62,6,14,58,11,2,13,1,1,0,25,1,4,13,17,14,14,22,18,1,9,2,16,6/22/14
6/29/14,0,5,48,4,64,2,4,38,6,12,1,82,2,11,10,84,9,42,13,8,3,23,6,5,14,68,41,57,13,37,1,2,2,53,5,17,21,11,34,2,3,17,6,7,3,55,12,18,47,12,2,11,1,1,1,11,1,5,16,25,9,15,18,36,1,4,0,10,6/29/14
7/6/14,0,6,49,4,64,2,4,42,6,14,1,85,2,11,10,80,9,43,14,9,3,24,6,6,15,75,44,57,14,32,1,2,3,61,1,15,23,13,41,3,3,17,3,6,3,48,4,17,56,10,2,12,1,1,1,9,1,4,14,19,10,11,19,22,0,4,4,20,7/6/14
7/13/14,0,6,52,4,68,2,4,42,7,15,1,86,2,11,10,78,9,46,14,9,4,24,6,6,14,72,44,59,14,31,1,1,2,62,2,21,15,15,36,1,6,17,6,5,5,50,5,15,44,12,2,11,1,1,1,10,1,4,6,11,39,9,23,15,3,4,6,14,7/13/14
7/20/14,0,6,51,4,70,2,4,43,6,15,2,84,2,11,10,78,9,44,13,9,4,24,6,5,16,74,42,60,14,31,1,1,2,63,2,18,21,13,38,0,2,20,2,5,3,47,9,14,43,12,4,10,1,2,1,10,1,4,11,22,100,11,18,19,3,2,6,16,7/20/14
7/27/14,0,6,51,4,69,2,4,43,8,14,1,88,2,11,9,80,9,44,14,9,4,25,6,5,14,75,44,62,13,32,1,1,2,64,2,23,23,20,46,1,3,22,7,7,4,56,8,18,41,13,3,16,1,1,1,19,2,13,17,13,12,20,18,20,1,4,2,20,7/27/14
8/3/14,0,6,50,4,68,2,4,43,8,13,1,89,2,11,9,77,9,44,13,9,4,23,6,5,13,72,43,59,12,32,1,1,2,61,2,26,21,12,56,2,4,19,7,5,3,63,15,21,31,11,2,12,2,1,1,22,1,5,21,5,11,17,16,27,0,3,4,11,8/3/14
8/10/14,0,6,50,4,65,2,4,43,7,13,2,88,2,11,8,73,10,43,13,9,3,22,5,5,15,67,63,57,12,30,1,1,2,56,3,17,21,7,45,1,3,17,3,5,4,55,6,9,16,11,3,14,1,1,1,9,1,12,14,14,15,13,12,16,0,5,5,14,8/10/14
8/17/14,0,5,50,4,63,2,4,42,7,13,2,85,2,11,8,75,9,43,13,9,3,23,6,5,14,74,50,56,12,30,1,1,2,54,2,20,25,11,40,1,14,24,5,7,6,50,5,23,24,11,3,10,1,1,1,9,1,4,17,19,14,15,13,15,0,2,2,15,8/17/14
8/24/14,0,6,50,4,59,2,4,38,7,13,3,83,2,11,8,76,11,42,14,9,3,22,6,8,16,72,50,55,12,29,1,2,2,55,6,12,17,13,40,3,3,18,4,4,5,53,6,17,16,12,3,10,1,1,0,10,1,4,4,19,16,11,15,17,0,2,10,19,8/24/14
8/31/14,0,5,51,4,60,2,4,37,5,13,3,84,2,11,8,74,12,47,14,9,3,22,8,10,17,76,49,57,12,29,1,2,1,51,4,7,19,9,41,1,3,14,2,3,4,68,6,14,22,11,3,16,2,1,0,12,1,6,8,18,15,12,18,18,0,2,2,21,8/31/14
9/7/14,1,6,52,5,56,3,5,35,6,16,3,80,2,12,8,74,13,47,16,9,3,22,8,11,17,86,53,55,12,27,1,2,2,58,0,16,28,13,34,3,2,16,4,5,7,58,7,16,18,13,4,17,2,1,1,11,1,6,15,19,12,13,17,16,0,3,2,20,9/7/14
9/14/14,1,6,54,5,57,3,5,36,6,16,3,82,2,12,8,74,13,47,17,10,3,22,9,14,17,86,62,56,14,27,1,2,2,56,5,16,28,16,39,1,8,17,3,3,6,57,9,26,16,11,4,15,2,2,2,6,1,4,12,37,19,17,22,14,0,3,3,17,9/14/14
9/21/14,1,6,55,5,58,3,5,37,7,16,3,81,2,13,8,72,13,49,16,9,3,22,8,16,17,88,61,55,14,27,1,2,2,57,4,11,22,19,41,1,5,16,5,10,10,60,8,28,19,11,4,15,1,2,1,7,1,4,24,36,21,10,48,19,1,7,2,19,9/21/14
9/28/14,1,6,53,5,56,3,5,36,8,16,3,84,2,13,8,72,14,66,17,10,3,23,8,17,17,87,58,55,13,26,1,2,2,56,3,14,24,21,37,1,2,21,8,5,10,52,6,26,24,8,4,34,1,2,1,8,1,4,18,24,18,15,21,17,1,0,5,24,9/28/14
10/5/14,1,6,53,5,58,2,5,35,10,16,3,79,2,13,8,70,13,63,17,10,3,35,8,17,17,90,57,55,13,28,1,2,2,58,4,14,25,18,44,2,3,16,11,5,11,50,5,13,14,8,3,34,2,1,0,57,1,4,17,17,15,14,26,24,2,2,2,14,10/5/14
10/12/14,1,6,53,6,57,3,5,34,16,17,3,81,2,13,8,74,12,58,17,9,4,28,8,17,18,87,55,55,12,32,1,2,2,57,3,12,26,27,41,1,17,17,15,4,10,66,14,15,13,11,4,31,2,1,1,25,1,0,17,19,20,12,25,17,0,2,2,16,10/12/14
10/19/14,1,6,52,5,58,3,5,35,11,15,3,80,2,14,8,73,13,55,17,10,3,24,8,17,17,95,56,55,12,26,1,2,2,56,4,14,24,13,32,2,10,14,7,5,8,64,7,21,21,9,3,19,2,2,0,13,1,4,8,20,20,10,15,16,2,3,3,20,10/19/14
10/26/14,1,6,53,5,53,3,6,36,11,16,3,80,2,13,8,72,13,50,17,10,3,23,9,15,17,97,56,55,12,26,1,2,2,56,3,11,19,19,37,2,3,20,6,4,10,54,8,24,17,13,4,19,1,1,1,10,1,0,10,18,23,20,16,13,1,2,4,10,10/26/14
11/2/14,1,7,52,5,58,3,5,35,9,15,3,84,2,13,8,73,13,49,17,10,3,25,8,14,16,96,56,55,12,29,1,2,2,56,3,11,21,15,41,2,3,12,7,5,4,50,7,24,12,12,2,16,2,1,1,22,1,0,13,42,21,12,13,19,1,0,3,18,11/2/14
11/9/14,1,6,52,5,59,3,5,34,8,15,3,83,2,13,8,71,12,47,17,10,3,23,8,13,15,95,54,57,12,35,1,2,2,55,3,15,25,12,36,1,5,17,6,7,9,52,7,22,10,12,3,16,1,1,1,16,1,4,14,22,23,14,14,22,1,4,4,27,11/9/14
11/16/14,1,7,51,5,56,3,5,34,8,15,3,82,2,13,8,75,13,46,16,10,3,24,8,14,16,97,55,62,12,28,1,2,2,55,7,18,25,12,38,4,8,12,3,5,5,54,5,22,20,13,3,15,1,1,1,13,0,4,10,20,22,16,13,14,1,2,2,13,11/16/14
11/23/14,1,5,48,4,54,2,5,26,6,10,2,76,2,12,7,70,11,36,13,7,2,19,6,8,13,71,46,67,11,28,1,1,1,39,0,15,29,10,44,1,3,10,2,2,4,53,5,15,13,8,2,10,2,1,1,8,1,4,6,23,17,12,12,12,3,4,0,11,11/23/14
11/30/14,1,7,52,5,52,3,6,34,8,14,3,86,2,13,9,77,13,43,17,10,3,21,9,12,15,92,56,65,12,29,1,2,2,56,3,21,34,14,30,1,5,17,4,5,5,58,6,13,14,14,3,12,2,1,1,7,1,4,14,18,21,14,15,15,0,2,3,14,11/30/14
12/7/14,1,7,53,5,56,3,6,32,9,15,3,83,2,14,9,77,14,44,17,9,3,21,9,16,15,92,55,69,15,27,1,2,3,53,4,19,32,18,40,2,9,14,8,5,7,47,9,12,17,13,3,17,2,1,0,7,1,0,10,23,25,14,14,19,1,2,8,15,12/7/14
12/14/14,1,6,52,6,59,3,5,31,12,14,3,84,2,14,9,76,13,40,15,9,3,20,9,13,13,79,49,68,24,29,1,2,2,50,4,12,29,28,39,1,12,20,10,8,5,76,6,21,10,12,2,11,1,2,1,7,1,5,20,20,19,15,19,20,0,2,4,6,12/14/14
12/21/14,0,4,46,5,67,2,3,24,9,8,1,80,2,13,8,73,10,34,10,6,2,18,5,3,12,49,39,76,19,33,1,1,2,36,3,10,30,11,47,2,0,10,4,3,2,47,9,20,7,10,1,10,2,1,1,7,1,5,21,8,17,10,10,32,0,3,0,14,12/21/14
12/28/14,0,5,48,5,73,2,3,30,7,10,1,88,2,14,9,78,9,37,11,7,2,22,5,3,14,58,42,71,18,29,1,1,1,42,3,12,20,9,43,2,4,14,3,4,6,59,6,24,13,9,1,14,1,1,0,9,1,5,19,12,12,12,12,20,0,0,2,7,12/28/14
1/4/15,1,6,51,6,58,2,4,40,12,14,2,86,2,16,11,79,12,53,15,9,4,25,7,8,17,76,48,61,15,29,1,2,2,57,4,8,33,17,36,3,5,27,8,5,12,53,5,21,18,10,4,19,2,1,4,21,1,4,15,28,20,15,19,15,1,6,4,16,1/4/15
1/11/15,1,6,53,6,63,3,5,40,10,16,3,87,2,16,10,77,13,43,16,9,3,24,7,10,16,82,50,61,14,27,1,2,2,59,4,12,26,18,35,2,11,17,6,5,9,61,3,23,11,12,3,11,2,2,1,14,1,9,30,13,9,15,24,18,0,2,6,21,1/11/15
1/18/15,1,7,54,5,66,3,6,38,8,17,3,85,2,17,10,76,11,43,16,9,3,23,8,11,16,82,51,64,14,39,1,2,2,59,4,17,15,14,53,3,7,17,7,8,8,50,9,25,11,10,2,14,6,2,1,8,1,4,11,22,13,18,23,51,0,2,5,22,1/18/15
1/25/15,1,7,53,6,59,3,5,39,10,21,3,86,2,19,10,81,12,43,16,10,3,22,8,12,17,89,53,64,13,32,1,2,2,57,1,19,26,16,29,3,4,13,7,8,9,55,6,22,14,10,4,11,3,1,1,13,1,4,13,24,24,15,23,56,2,4,5,15,1/25/15
2/1/15,1,7,53,6,58,3,5,39,10,22,3,90,2,19,10,78,13,45,17,10,3,23,9,12,17,92,54,66,13,27,1,2,2,59,3,19,23,16,32,2,2,14,7,10,8,54,4,23,14,12,3,29,2,1,1,9,1,4,15,37,20,16,12,20,0,5,3,22,2/1/15
2/8/15,1,7,53,6,70,3,5,37,9,23,3,88,2,18,9,77,12,42,17,10,3,26,8,13,17,88,55,65,13,29,1,3,2,57,4,26,24,16,40,2,4,16,3,9,7,49,4,16,13,15,3,14,2,2,1,20,1,4,7,25,17,15,13,18,1,5,3,19,2/8/15
2/15/15,1,7,53,5,65,3,5,36,8,22,3,86,2,17,9,76,12,45,16,10,3,24,7,13,17,85,49,65,13,33,1,2,2,52,3,20,28,21,34,4,3,19,6,5,12,57,7,21,10,12,4,15,1,1,1,14,1,0,14,37,22,14,20,37,0,3,2,11,2/15/15
2/22/15,1,7,100,6,62,3,6,40,8,23,3,85,2,16,8,75,12,45,17,10,3,23,8,14,16,90,51,60,13,26,1,2,2,56,3,19,100,16,35,3,2,20,5,5,4,44,5,20,9,12,2,13,3,2,1,9,1,8,17,23,13,13,21,19,0,2,5,10,2/22/15
3/1/15,1,7,71,6,62,3,6,40,9,23,3,87,2,16,9,76,12,46,17,10,3,23,8,13,16,88,51,60,13,26,1,2,2,54,0,23,52,15,36,3,7,19,6,5,10,54,8,20,13,9,3,16,2,2,0,26,1,0,13,22,15,9,24,15,0,4,2,27,3/1/15
3/8/15,1,7,58,5,64,3,5,40,10,22,3,86,2,15,8,76,11,45,16,10,3,22,7,11,16,87,51,58,12,27,1,2,2,57,4,19,31,18,31,4,2,18,6,5,6,70,5,20,12,9,3,16,1,2,1,9,1,0,15,21,13,16,26,22,0,9,0,15,3/8/15
3/15/15,1,6,57,5,62,3,6,41,10,21,3,84,2,15,8,77,12,44,16,10,3,23,7,11,17,86,50,58,11,34,1,2,2,58,4,27,28,16,35,3,6,21,3,8,9,52,6,18,8,11,3,10,4,2,1,9,1,4,27,24,11,11,14,21,1,8,2,17,3/15/15
3/22/15,1,7,56,5,62,3,6,41,9,20,3,83,2,15,8,78,13,45,16,10,3,22,7,10,17,88,51,61,11,31,1,2,2,58,2,14,30,13,41,7,9,16,3,6,4,52,12,13,8,12,4,17,3,2,1,6,1,0,20,15,15,17,15,18,2,7,2,29,3/22/15
3/29/15,1,6,57,5,62,3,5,43,9,21,3,90,2,15,8,77,14,50,16,10,3,23,7,10,16,86,48,59,12,33,1,2,2,55,2,21,17,15,45,3,2,23,1,5,9,46,9,25,15,10,4,20,1,2,0,6,1,0,14,23,12,14,18,17,1,0,0,13,3/29/15
4/5/15,1,6,56,5,59,3,5,44,9,23,3,87,2,16,8,77,13,47,16,10,3,23,7,10,16,88,48,59,11,28,1,2,2,55,2,17,25,15,38,2,6,22,5,6,6,45,7,18,10,13,5,14,2,2,1,8,1,5,24,24,13,15,21,23,1,4,2,17,4/5/15
4/12/15,1,7,57,5,59,3,6,44,9,30,3,90,2,20,8,82,12,48,18,10,3,23,8,10,17,94,51,60,11,27,1,2,2,57,2,19,22,14,36,2,8,24,4,8,9,50,7,18,9,15,4,14,2,2,1,7,1,12,33,30,15,15,22,10,0,2,2,25,4/12/15
4/19/15,1,7,57,5,61,3,6,44,9,19,3,84,2,13,8,79,12,49,18,10,4,24,8,11,16,97,51,60,11,27,1,2,2,57,3,14,31,16,32,4,7,22,2,4,9,49,9,15,11,11,5,15,2,2,1,9,2,9,18,21,15,24,22,21,1,6,3,16,4/19/15
4/26/15,1,7,56,5,58,3,6,45,8,19,3,84,2,12,8,79,12,45,18,10,4,30,8,11,16,91,51,61,11,27,1,2,2,52,4,17,32,15,28,2,2,20,5,9,25,47,7,15,8,12,4,13,2,2,1,45,1,4,11,35,11,21,20,13,1,2,2,17,4/26/15
5/3/15,1,7,57,5,65,3,6,44,8,17,3,89,2,12,8,83,12,46,17,10,4,24,8,12,18,89,49,62,10,28,1,1,2,54,2,24,19,15,37,2,4,19,4,8,6,43,6,12,12,15,3,17,2,2,1,9,1,7,26,43,12,18,16,16,0,6,3,17,5/3/15
5/10/15,1,6,55,5,63,3,6,42,8,16,3,87,2,12,7,78,11,48,16,10,3,22,7,9,18,88,49,59,10,29,1,2,2,54,4,14,17,17,32,1,3,19,5,6,8,44,8,19,8,14,6,18,2,2,1,9,1,8,15,25,37,21,14,16,0,2,2,22,5/10/15
5/17/15,1,6,55,4,61,2,5,41,8,15,2,88,2,12,7,78,11,47,16,9,4,26,7,7,18,83,47,57,10,31,1,2,2,51,7,17,34,17,40,3,10,28,2,3,7,56,6,22,16,11,4,21,2,2,1,30,1,15,20,26,38,20,14,27,3,4,2,15,5/17/15
5/24/15,1,5,54,4,61,2,5,39,7,14,2,83,2,12,7,75,10,44,15,9,4,27,6,6,15,77,46,60,10,31,1,3,2,52,9,24,25,11,37,3,5,19,4,8,12,52,6,18,9,10,4,17,1,2,1,17,1,5,19,19,19,16,16,20,0,6,7,14,5/24/15
5/31/15,0,6,54,4,62,2,4,42,8,15,2,88,2,12,8,78,10,48,14,9,4,25,6,7,16,78,45,59,11,30,1,2,2,57,4,21,18,15,32,2,4,19,5,9,5,55,10,19,8,11,3,21,2,2,1,10,1,0,11,16,21,16,20,17,2,4,4,25,5/31/15
6/7/15,0,6,53,4,63,2,4,42,9,15,2,90,2,12,7,77,9,48,14,9,4,24,7,8,17,80,45,59,11,30,1,2,2,58,4,37,18,12,26,2,3,25,5,8,3,44,13,26,12,12,3,13,2,2,0,10,1,5,11,21,33,7,25,6,2,2,5,11,6/7/15
6/14/15,0,6,53,4,63,2,4,40,9,15,1,91,2,11,7,80,8,45,14,9,4,24,6,6,14,78,44,63,11,32,1,2,1,65,7,30,14,9,27,1,9,16,6,8,4,44,9,15,10,14,3,14,2,1,1,11,1,5,31,13,18,16,25,30,0,2,4,20,6/14/15
6/21/15,0,6,54,4,68,2,4,42,9,14,1,91,2,12,7,80,9,46,14,9,4,100,6,6,14,78,42,59,11,31,1,1,2,62,3,38,23,15,36,1,3,27,6,5,6,50,5,13,8,10,3,12,2,2,0,100,1,10,21,18,8,7,19,13,0,5,2,17,6/21/15
6/28/15,0,9,54,5,66,2,4,41,14,13,1,96,3,11,8,90,10,44,13,8,4,61,6,5,15,77,42,62,11,44,1,1,2,59,7,64,22,25,35,2,1,22,16,4,5,48,9,19,17,14,3,12,2,2,1,67,2,17,14,22,14,15,18,62,0,0,2,22,6/28/15
7/5/15,0,9,54,5,66,2,4,44,16,15,1,98,3,12,8,85,8,45,14,9,4,30,6,5,16,80,42,59,15,32,1,1,2,61,6,49,17,24,39,2,4,28,16,6,5,53,29,19,8,14,4,16,1,1,1,18,1,5,13,19,6,9,54,25,2,2,4,22,7/5/15
7/12/15,0,7,56,4,71,2,4,44,12,15,1,94,2,12,8,81,8,47,16,9,4,25,6,6,15,82,42,89,11,32,1,1,1,100,2,50,17,16,41,4,12,22,6,4,6,54,10,14,9,14,3,17,2,2,0,10,2,5,8,44,9,26,19,27,0,4,5,41,7/12/15
7/19/15,0,7,53,5,73,2,5,44,10,15,1,90,2,12,8,81,8,46,14,10,4,25,6,6,15,83,43,65,11,34,1,2,2,73,6,30,16,20,53,4,3,22,7,6,6,68,16,18,12,13,2,15,2,2,1,8,3,6,14,36,16,14,12,30,2,2,2,28,7/19/15
7/26/15,0,6,54,4,74,2,4,45,11,15,1,92,2,11,8,80,8,45,14,9,3,23,6,5,17,81,43,64,11,33,1,1,2,66,3,18,15,23,41,4,2,20,6,9,5,66,11,19,9,12,4,17,2,2,1,6,1,0,27,16,18,11,17,11,2,7,5,21,7/26/15
8/2/15,0,7,54,5,71,2,4,46,10,14,1,95,2,12,8,80,8,44,13,9,4,23,6,5,15,78,43,62,10,33,1,2,2,66,4,15,24,24,33,1,2,18,6,4,6,64,12,22,9,13,2,11,2,1,1,5,1,5,13,11,11,18,18,19,0,6,2,31,8/2/15
8/9/15,0,6,54,5,69,2,4,45,12,14,2,90,2,12,8,77,8,45,13,9,3,22,6,5,15,74,44,60,11,31,1,1,3,65,4,24,15,14,42,2,6,22,6,7,3,59,12,23,9,10,2,12,2,2,1,8,1,0,8,16,13,11,16,25,0,10,2,24,8/9/15
8/16/15,1,6,54,5,67,2,4,45,16,14,2,91,2,12,7,80,10,48,13,9,4,22,6,5,16,74,43,61,11,30,1,2,1,60,5,17,25,26,39,1,14,21,13,7,4,58,14,21,15,12,3,16,2,2,1,7,1,5,40,27,5,19,25,16,0,5,5,31,8/16/15
8/23/15,1,6,54,9,63,3,4,42,59,13,3,87,4,12,7,79,11,46,15,9,4,21,7,8,17,74,47,60,14,30,1,1,3,62,5,16,25,50,40,0,7,22,65,5,6,51,34,29,10,12,3,19,2,2,1,6,1,5,18,15,8,14,38,29,3,2,5,13,8/23/15
8/30/15,1,6,56,5,60,2,5,38,29,14,3,88,3,13,8,81,12,48,16,9,4,27,8,10,17,79,49,58,12,28,1,2,2,57,7,21,23,27,38,2,4,25,24,5,7,55,20,17,13,9,3,16,2,2,1,50,1,0,30,23,15,8,22,20,3,2,2,13,8/30/15
9/6/15,1,6,56,5,62,2,5,36,19,14,3,82,2,12,7,75,13,46,16,8,4,26,8,11,17,78,47,60,11,29,1,2,2,56,6,16,26,23,42,2,7,16,8,5,8,42,14,25,18,11,3,16,2,2,1,21,1,0,15,10,25,16,18,18,0,2,2,20,9/6/15
9/13/15,1,7,59,5,59,2,5,37,19,17,3,84,2,13,7,78,14,51,17,9,4,23,9,14,18,88,53,60,12,31,1,2,2,65,5,23,26,17,41,4,9,19,13,3,8,63,8,23,11,11,5,15,2,2,1,13,1,0,15,22,14,11,22,31,0,4,2,31,9/13/15
9/20/15,1,7,58,5,59,2,5,37,17,16,3,81,2,13,7,77,17,54,17,9,5,22,9,17,17,89,50,60,11,32,2,2,2,58,6,20,27,26,39,3,4,24,15,6,11,54,18,20,6,11,3,15,3,2,1,7,1,5,37,32,19,19,20,24,1,3,2,18,9/20/15
9/27/15,1,7,56,5,56,2,5,37,16,16,3,86,2,14,7,75,16,61,17,10,4,21,8,19,19,89,52,58,11,28,1,2,2,56,5,23,30,19,31,3,1,20,17,5,11,66,16,24,12,12,9,45,2,2,1,5,1,7,9,35,14,15,24,30,0,4,6,24,9/27/15
10/4/15,1,7,59,5,58,2,5,37,14,16,3,84,2,14,7,72,14,61,17,10,4,21,9,19,20,90,51,59,10,29,1,2,6,59,2,30,22,17,40,4,2,20,11,7,11,68,18,27,11,10,5,29,2,2,1,4,1,0,22,22,16,16,24,21,1,7,6,21,10/4/15
10/11/15,1,7,58,5,60,3,6,36,12,17,3,85,2,14,7,72,13,61,17,10,4,20,8,17,20,92,49,60,11,33,1,2,2,57,4,33,26,24,39,2,13,22,10,8,11,48,9,25,9,9,4,36,2,2,1,3,1,0,42,25,17,13,20,33,3,2,7,20,10/11/15
10/18/15,1,7,56,5,59,2,5,37,11,16,3,79,2,14,7,72,13,59,18,10,3,20,8,18,18,92,50,58,11,25,1,2,3,55,3,44,20,20,46,2,2,29,8,6,8,74,11,31,8,13,3,26,2,2,1,4,1,0,17,24,26,22,27,18,1,4,5,22,10/18/15
10/25/15,1,8,56,5,55,3,6,34,10,16,3,81,2,14,7,72,14,60,17,10,3,20,8,17,19,94,50,61,11,26,1,3,2,54,4,40,31,17,43,3,5,19,11,7,5,62,11,24,12,13,4,100,4,2,1,5,1,5,14,28,17,19,22,25,1,3,7,17,10/25/15
11/1/15,1,8,55,5,59,3,6,37,10,15,3,87,2,15,7,75,14,52,18,10,3,21,9,14,18,96,53,60,11,28,2,2,2,56,3,25,25,13,40,1,4,18,4,7,10,47,9,30,11,15,4,26,2,2,1,5,1,5,23,34,19,16,12,19,2,2,2,27,11/1/15
11/8/15,1,7,60,5,59,3,6,35,10,15,3,84,2,14,7,74,15,51,18,10,3,19,9,14,21,94,50,62,11,35,2,2,2,53,4,20,31,17,41,3,5,22,4,8,5,63,6,24,10,10,4,16,2,2,1,4,1,4,16,18,12,16,15,23,0,0,4,23,11/8/15
11/15/15,1,7,58,5,55,3,6,35,10,15,3,80,2,14,7,72,18,48,17,10,3,19,9,13,19,92,49,63,11,29,2,2,2,52,3,15,32,14,39,2,8,17,4,5,5,45,12,25,13,9,6,12,2,1,1,4,1,4,17,23,11,21,17,26,1,2,2,14,11/15/15
11/22/15,0,5,53,4,54,2,5,27,7,10,2,78,2,13,6,68,13,43,13,7,3,17,6,7,15,68,40,70,9,28,1,1,2,39,2,17,37,11,40,2,4,17,5,4,5,53,11,27,7,10,3,12,2,2,1,3,1,0,20,20,12,13,14,25,0,2,3,12,11/22/15
11/29/15,1,7,57,5,52,3,6,35,8,15,3,88,2,15,8,76,16,46,17,9,3,19,9,12,19,95,50,71,11,27,2,2,2,52,8,23,28,13,31,2,2,23,6,5,10,51,12,29,11,14,5,14,2,2,1,4,2,0,13,18,19,23,24,14,0,4,2,28,11/29/15
12/6/15,1,7,57,5,56,3,6,34,9,15,3,82,2,16,8,76,18,47,17,10,3,19,9,15,16,97,51,70,10,27,2,2,2,51,4,19,36,19,31,3,4,18,5,6,12,62,13,31,14,12,5,16,2,2,1,4,1,0,34,20,19,17,20,21,1,2,0,17,12/6/15
12/13/15,1,6,55,5,59,2,6,32,11,14,3,84,2,18,8,79,15,46,16,9,3,18,9,13,16,83,47,74,10,27,1,2,2,50,6,13,37,23,43,1,11,19,9,4,8,77,10,29,10,12,4,17,1,3,1,3,2,0,21,17,22,17,24,22,1,4,10,24,12/13/15
12/20/15,0,5,52,4,66,2,4,25,8,9,1,79,2,16,7,76,12,38,11,6,3,17,5,4,13,60,38,81,9,28,1,1,1,37,0,22,25,18,55,0,3,22,5,6,3,57,7,21,10,11,2,13,2,2,1,6,1,0,20,17,24,23,10,19,2,3,0,14,12/20/15
12/27/15,0,5,53,4,80,2,4,30,7,10,1,89,2,16,8,81,9,41,12,7,3,20,5,3,14,61,39,73,10,30,1,1,1,45,4,14,28,17,51,3,3,16,6,6,4,54,2,25,6,10,3,18,1,1,1,4,1,0,8,28,23,17,17,17,0,2,0,17,12/27/15
1/3/16,1,7,55,6,70,2,4,41,22,13,2,91,2,17,10,87,11,47,16,10,3,21,8,8,16,80,43,66,10,27,1,1,2,65,6,22,30,31,44,2,4,23,20,5,4,49,20,31,13,10,4,17,2,2,1,3,2,7,19,37,18,20,23,13,1,2,3,24,1/3/16
1/10/16,1,7,55,6,70,2,5,39,23,14,3,84,2,16,10,90,11,72,16,9,4,20,9,9,17,85,43,62,10,28,1,2,1,64,14,24,22,29,37,3,3,23,19,9,6,68,15,22,16,14,2,36,1,2,2,3,2,4,26,31,19,17,24,19,1,3,2,27,1/10/16
1/17/16,1,7,56,6,72,2,5,39,25,16,3,82,3,18,10,84,12,49,16,9,3,20,8,10,17,86,45,71,11,30,1,2,2,61,10,20,25,37,36,3,9,22,23,8,5,57,22,31,13,12,4,12,2,2,1,5,1,9,9,25,14,15,22,19,0,3,5,24,1/17/16
1/24/16,1,8,56,6,72,3,5,41,19,19,3,83,2,22,9,84,12,48,18,10,3,20,9,11,17,100,46,70,11,35,1,2,2,64,8,21,32,26,38,2,3,26,12,7,6,52,17,28,11,11,3,16,3,2,1,3,1,0,20,35,18,19,21,36,4,5,2,23,1/24/16
1/31/16,1,8,58,6,70,3,5,40,17,20,3,86,3,25,9,85,12,53,18,10,4,20,9,12,16,98,49,70,11,32,1,2,2,67,14,17,30,20,37,1,4,24,10,6,12,67,15,42,18,10,2,15,2,2,1,3,1,8,8,45,24,18,32,31,0,2,0,25,1/31/16
2/7/16,1,8,58,6,76,3,5,39,20,20,3,86,2,21,8,82,13,48,17,10,4,20,9,12,17,95,47,74,11,29,1,2,2,69,13,17,25,24,38,2,4,21,15,7,10,57,20,30,17,12,3,12,2,2,1,3,1,16,8,22,17,20,31,27,0,6,4,24,2/7/16
2/14/16,1,16,58,5,79,2,5,39,16,20,3,86,3,18,8,82,12,51,17,10,3,22,9,12,17,91,47,69,11,37,1,2,2,66,8,39,25,18,35,3,8,18,5,4,8,50,15,18,9,8,3,15,2,2,1,3,1,7,13,24,11,9,18,22,0,4,2,20,2/14/16
2/21/16,1,10,61,5,72,3,6,41,14,21,3,82,2,18,8,79,12,52,18,10,4,21,9,14,18,95,49,62,10,28,2,2,2,74,8,23,19,27,21,2,1,19,3,5,12,35,14,13,8,7,3,12,2,2,1,2,1,6,12,20,13,11,19,16,1,6,4,17,2/21/16
2/28/16,1,8,60,5,71,3,5,41,14,20,3,84,2,18,8,79,12,52,18,10,3,20,9,11,18,92,48,60,12,27,1,2,2,70,8,19,24,26,25,1,3,21,5,6,5,45,12,15,11,8,3,14,2,3,1,3,1,9,13,15,16,11,13,15,0,6,1,25,2/28/16
3/6/16,1,8,59,6,73,3,5,41,13,19,3,83,2,16,8,79,12,51,18,10,4,20,8,10,18,87,47,63,10,27,1,2,2,67,4,15,18,23,21,1,4,16,5,4,7,33,9,14,6,7,2,12,1,2,1,2,1,5,6,13,8,11,17,10,1,4,1,13,3/6/16
3/13/16,1,8,60,5,72,3,5,41,13,18,2,83,2,16,7,76,12,48,17,9,4,20,8,9,17,84,46,65,10,26,1,2,2,62,5,12,18,19,18,2,2,18,2,4,8,31,9,15,4,7,2,9,1,2,1,2,1,8,8,13,10,11,10,8,1,3,1,19,3/13/16
3/20/16,1,7,60,5,75,3,5,43,11,18,2,83,2,15,7,76,12,47,16,10,4,20,7,8,18,84,45,61,10,34,1,2,2,62,6,17,19,25,40,2,3,26,4,7,4,53,11,17,5,8,4,10,2,2,1,2,1,3,17,8,10,12,14,14,1,4,6,18,3/20/16
3/27/16,1,7,59,5,74,3,5,45,12,19,3,86,2,16,7,80,12,48,17,10,4,21,7,9,17,89,46,60,10,29,1,3,2,66,7,15,33,17,43,2,6,26,5,8,11,48,11,20,11,12,4,16,2,2,1,3,1,6,13,15,16,19,19,17,0,11,2,31,3/27/16
4/3/16,1,8,60,5,73,3,6,46,11,20,3,88,2,17,7,81,12,50,18,11,4,21,9,10,16,93,48,65,9,34,1,2,2,73,8,21,29,19,39,3,2,28,4,9,10,64,10,25,9,12,4,15,2,2,1,4,1,6,15,21,14,16,17,28,1,5,2,23,4/3/16
4/10/16,1,8,60,5,73,3,6,46,11,23,3,88,2,19,8,83,12,50,18,11,4,21,9,10,17,94,47,68,10,42,1,2,2,71,6,27,26,19,38,2,6,24,8,6,6,54,11,26,14,10,3,12,2,2,1,5,1,9,17,13,22,28,24,38,0,9,4,34,4/10/16
4/17/16,1,8,60,5,70,3,6,45,11,21,3,84,2,17,7,83,12,49,18,10,4,20,9,9,16,90,46,69,9,32,1,3,2,69,6,20,38,17,35,1,1,20,6,10,7,44,8,22,8,12,3,15,2,2,1,3,1,8,14,23,13,17,22,26,0,2,3,27,4/17/16
4/24/16,1,8,59,5,71,3,6,44,10,17,3,83,2,14,7,81,12,47,19,10,4,21,8,13,17,90,48,68,9,28,1,2,2,65,6,21,25,25,41,1,2,24,5,6,11,62,7,17,7,13,3,13,2,2,1,3,1,4,31,19,20,23,25,15,0,5,3,22,4/24/16
5/1/16,1,8,61,5,78,3,6,45,11,16,3,84,2,13,7,81,12,48,18,10,4,20,8,13,17,87,46,69,9,29,1,2,5,70,8,22,17,16,35,5,3,34,5,6,6,57,6,20,14,12,2,14,2,2,1,3,1,9,17,46,10,16,24,21,1,4,2,30,5/1/16
5/8/16,1,8,58,5,79,3,5,41,10,15,3,84,2,13,7,88,11,48,17,9,4,21,8,9,16,82,46,64,9,50,1,2,2,67,7,29,25,18,41,4,2,24,3,5,8,65,11,20,8,44,2,15,2,2,2,3,1,9,18,32,21,21,22,73,1,7,4,27,5/8/16
5/15/16,1,7,59,4,74,3,5,43,10,15,2,86,2,13,7,89,11,49,17,9,4,20,7,8,18,76,47,64,9,32,1,2,5,65,4,29,24,16,36,1,6,25,4,7,5,51,9,24,7,15,3,16,2,2,1,2,1,5,21,21,19,21,18,31,1,5,12,27,5/15/16
5/22/16,1,7,56,4,73,2,4,41,10,14,2,82,2,13,7,83,10,47,15,8,4,19,7,7,15,72,43,64,9,29,1,2,3,63,8,28,27,12,41,5,4,29,3,7,5,54,13,22,8,12,3,13,2,2,1,3,1,5,25,25,15,17,17,22,0,5,2,20,5/22/16
5/29/16,1,6,55,4,78,2,4,40,8,12,2,86,2,12,7,85,10,45,15,8,4,21,7,5,16,67,40,63,8,29,1,2,2,56,4,19,20,11,38,3,1,30,3,10,4,50,6,19,15,14,3,13,2,2,1,4,1,5,22,42,16,28,21,24,0,5,3,21,5/29/16
6/5/16,1,8,57,4,73,2,4,42,10,13,2,84,2,12,7,80,9,47,15,9,4,20,7,6,16,70,41,62,9,30,1,2,2,64,5,30,17,17,32,1,2,23,4,7,5,53,13,23,8,10,3,14,2,2,1,3,1,4,8,19,8,15,17,25,1,2,3,25,6/5/16
6/12/16,1,6,54,4,80,2,4,40,9,13,1,86,2,12,7,78,11,44,14,9,4,21,6,5,19,68,37,62,15,29,1,2,3,61,4,16,28,23,35,2,5,19,2,6,5,48,11,15,7,9,2,11,1,2,1,2,1,11,15,11,7,19,15,11,2,2,3,15,6/12/16
6/19/16,1,7,54,6,79,2,4,42,23,13,1,84,3,12,7,86,8,46,14,8,4,20,6,6,16,71,39,64,13,30,1,1,3,63,7,26,22,31,28,1,3,24,11,5,6,62,17,16,6,12,2,9,1,3,1,2,1,7,18,18,8,21,17,21,0,8,7,25,6/19/16
6/26/16,1,7,53,5,76,2,4,40,24,13,1,90,3,12,7,80,8,47,13,9,4,20,6,5,17,68,37,62,9,32,1,2,2,62,14,17,24,30,31,1,3,22,15,7,5,68,17,13,5,10,2,10,2,3,1,2,1,8,13,15,8,14,8,15,1,5,2,19,6/26/16
7/3/16,0,6,52,4,82,2,4,39,11,11,1,88,2,11,7,80,8,44,13,8,4,20,6,5,19,62,38,62,11,35,1,2,2,56,8,16,15,27,27,2,2,25,4,5,4,48,16,14,8,8,2,8,1,3,1,2,1,10,23,13,8,12,9,21,1,9,3,18,7/3/16
7/10/16,0,6,54,5,80,2,4,41,14,13,1,89,2,12,7,77,8,46,14,9,4,20,6,5,19,67,40,63,9,34,1,1,2,62,0,15,19,12,25,4,3,23,5,7,4,57,12,11,6,7,3,8,2,2,1,2,1,6,11,24,19,13,17,19,1,3,1,15,7/10/16
7/17/16,0,7,55,5,83,2,3,43,12,13,1,87,2,12,7,79,9,47,14,9,4,20,6,5,18,69,41,64,9,33,1,1,2,65,3,12,23,9,24,1,4,20,4,7,5,47,10,14,9,8,1,13,1,3,1,2,1,13,8,13,8,11,20,22,1,6,3,16,7/17/16
7/24/16,0,8,54,5,82,2,3,43,11,12,1,87,2,12,7,79,8,45,14,9,4,20,6,5,18,70,42,66,11,40,1,2,2,68,4,24,18,13,26,1,4,23,2,6,3,45,13,16,10,7,2,13,1,3,1,2,0,13,13,17,11,12,21,32,0,1,3,14,7/24/16
7/31/16,0,7,53,4,80,2,3,41,10,12,1,91,2,12,7,76,8,45,13,9,4,20,6,5,17,66,42,65,10,33,1,2,2,64,3,17,18,15,25,1,4,20,2,5,6,48,16,16,9,8,2,11,1,2,1,2,1,8,10,18,11,15,21,21,1,5,3,23,7/31/16
8/7/16,0,6,51,4,77,2,3,41,10,11,2,87,2,11,6,74,8,42,14,8,4,19,7,4,18,66,39,60,9,29,1,1,2,63,2,8,25,14,27,3,3,24,3,5,7,52,12,14,8,9,2,10,3,2,1,2,1,12,12,12,9,11,18,15,1,1,1,23,8/7/16
8/14/16,0,6,50,4,77,2,3,43,9,12,2,86,2,11,6,72,8,41,13,8,3,18,6,4,16,68,40,60,9,28,1,2,2,58,1,14,16,13,29,2,5,29,3,5,8,49,12,18,7,9,2,12,1,3,1,2,1,13,20,15,11,7,21,20,0,3,5,13,8/14/16
8/21/16,0,7,54,4,74,2,4,42,9,12,2,84,2,12,6,71,10,44,14,8,3,18,7,6,18,74,42,62,11,30,1,1,2,59,2,17,13,19,26,3,4,27,3,8,8,49,10,13,8,8,3,11,1,3,1,2,1,13,24,13,12,8,14,29,1,3,1,17,8/21/16
8/28/16,1,6,56,4,71,2,4,39,8,12,3,85,2,13,6,75,11,44,15,8,4,19,7,8,20,78,43,61,9,29,1,2,1,62,3,13,15,18,22,3,4,25,2,6,6,43,12,12,6,8,3,9,2,3,1,2,1,19,22,19,7,18,16,19,1,4,3,21,8/28/16
9/4/16,1,6,56,4,71,2,4,36,7,12,3,82,2,13,6,76,11,47,16,8,4,18,8,9,19,89,45,62,9,31,1,2,2,59,3,14,19,16,20,3,3,22,3,4,6,44,11,21,7,10,1,11,2,3,1,2,1,10,8,25,15,15,18,24,3,4,2,19,9/4/16
9/11/16,1,7,66,4,67,2,4,37,10,14,3,82,2,13,6,75,12,50,17,9,4,19,9,12,19,87,47,67,10,26,1,2,2,67,6,17,39,21,26,1,9,28,3,3,7,48,14,17,5,9,4,15,2,3,1,2,1,10,23,28,14,11,19,19,0,4,2,24,9/11/16
9/18/16,1,7,61,4,69,2,5,37,9,14,3,82,2,14,6,74,12,51,17,9,4,19,9,14,20,85,46,63,9,26,1,2,2,59,6,19,13,18,29,1,4,21,3,5,12,68,17,17,8,11,3,16,2,4,1,2,1,10,23,19,12,14,15,16,2,6,4,17,9/18/16
9/25/16,1,8,61,4,66,2,5,37,9,14,3,82,2,13,6,74,13,50,17,9,4,19,9,15,21,91,45,60,11,28,1,3,2,63,6,22,25,28,23,2,4,25,4,6,10,49,12,21,9,10,3,12,1,3,1,2,1,17,17,12,14,12,21,17,2,4,1,22,9/25/16
10/2/16,1,7,61,4,66,2,5,35,8,14,3,82,2,14,6,73,13,55,17,9,4,19,9,16,20,88,44,67,10,30,1,2,2,61,2,15,20,18,26,1,3,20,3,3,8,52,11,27,6,11,3,28,2,3,1,2,1,19,13,13,16,13,17,23,0,3,3,19,10/2/16
10/9/16,1,8,60,4,69,2,5,35,8,15,3,83,2,14,6,72,13,55,17,9,4,19,8,14,21,90,45,64,10,35,1,2,2,59,6,16,23,12,23,2,7,19,3,6,9,53,18,25,7,11,3,21,2,3,1,2,0,5,30,15,11,16,26,27,0,4,1,16,10/9/16
10/16/16,1,9,61,5,69,2,5,36,8,15,3,83,2,15,6,74,12,53,17,9,4,19,8,15,23,89,45,62,10,30,1,2,2,58,3,14,23,18,34,2,8,23,3,9,7,47,12,24,11,14,4,17,2,3,1,2,1,8,19,19,17,18,25,39,0,4,1,13,10/16/16
10/23/16,1,8,62,5,65,3,5,36,8,15,3,79,2,14,7,73,13,51,18,10,4,19,9,16,22,90,46,66,10,26,1,2,2,57,9,20,25,15,25,1,5,24,2,10,9,41,8,17,7,11,3,13,2,3,1,2,1,13,17,12,13,20,14,20,0,6,0,22,10/23/16
10/30/16,1,7,58,5,65,2,5,36,8,14,3,82,2,14,7,72,12,49,17,9,4,19,9,13,23,88,44,65,11,30,1,2,2,58,6,12,23,15,22,3,2,24,2,6,8,56,14,17,5,11,3,15,2,3,1,2,0,5,29,18,12,18,24,25,1,5,1,23,10/30/16
11/6/16,1,9,57,10,62,2,5,33,42,13,3,75,4,12,7,74,13,42,16,9,4,25,8,10,31,84,41,60,14,37,1,2,2,56,4,14,19,42,25,1,3,19,26,5,7,47,35,13,6,14,2,12,1,2,1,2,1,3,32,13,12,14,31,25,1,4,1,7,11/6/16
11/13/16,1,8,59,7,66,3,6,37,12,14,3,82,2,13,7,75,13,48,18,10,4,21,10,13,37,91,47,69,11,26,1,2,2,58,3,11,21,26,31,2,7,23,7,9,11,62,14,22,14,13,3,13,2,3,1,3,1,3,32,20,19,16,22,13,1,3,2,20,11/13/16
11/20/16,1,6,56,5,66,2,5,28,10,10,2,78,2,12,6,71,12,40,14,7,3,17,7,7,22,68,38,78,8,27,1,1,2,46,3,9,18,24,30,2,6,19,6,7,7,56,16,16,10,14,5,12,2,3,1,2,1,8,17,17,11,20,24,19,2,3,2,17,11/20/16
11/27/16,1,8,59,6,61,3,6,36,10,14,3,85,2,15,8,77,14,46,18,10,3,18,9,11,22,91,44,76,9,26,1,2,2,56,5,17,23,26,28,1,4,21,4,11,12,53,12,17,8,13,4,13,2,3,1,2,1,8,19,14,18,19,23,17,2,9,1,15,11/27/16
12/4/16,1,8,60,6,63,3,6,36,11,14,3,82,2,14,7,79,14,45,19,10,3,18,10,12,21,93,45,76,9,26,1,2,3,54,5,19,24,30,33,2,8,25,4,8,9,58,14,24,10,10,3,13,2,3,1,2,1,9,23,19,22,18,21,22,0,7,5,19,12/4/16
12/11/16,1,7,61,6,64,3,6,32,13,14,3,83,2,16,7,77,13,44,17,9,3,17,9,13,18,81,44,78,9,25,1,2,2,53,4,12,25,24,24,2,7,17,8,9,8,57,9,18,6,10,3,14,2,3,1,2,1,4,25,18,19,23,16,18,0,6,4,21,12/11/16
12/18/16,0,5,57,5,73,2,4,28,13,10,2,82,2,14,7,74,11,40,13,7,3,16,6,6,17,62,39,79,8,27,1,2,2,47,3,16,12,18,31,3,3,19,4,5,5,64,16,14,10,10,3,13,1,3,1,2,1,8,10,16,18,18,13,18,0,6,3,16,12/18/16
12/25/16,0,5,56,5,84,2,3,30,11,9,1,83,2,17,8,76,10,40,11,6,3,17,5,2,16,54,35,81,8,34,1,1,1,46,1,14,21,22,34,2,3,16,3,7,4,43,17,24,8,10,4,12,1,3,1,2,1,18,12,24,18,23,19,29,0,5,2,20,12/25/16
1/1/17,0,7,56,6,71,2,4,37,11,11,2,91,2,17,9,83,10,42,15,9,3,19,6,5,19,71,41,71,9,34,1,1,2,57,4,14,20,23,27,0,2,21,4,10,8,56,17,28,9,11,2,11,2,3,1,2,1,7,29,20,13,14,18,25,2,5,0,16,1/1/17
1/8/17,1,8,59,7,69,3,5,39,11,14,3,86,2,17,9,80,11,46,17,9,3,18,7,8,18,80,44,68,9,26,1,2,2,59,5,17,20,23,27,2,4,25,4,7,11,56,14,28,10,10,2,11,2,4,1,2,1,16,9,7,15,13,13,23,0,3,4,18,1/8/17
1/15/17,1,9,58,6,72,2,5,40,10,15,3,86,2,20,9,83,13,46,19,10,3,19,8,10,21,84,45,71,9,30,1,2,2,59,3,18,19,21,28,2,4,30,2,11,7,54,12,25,8,9,3,11,2,3,1,2,1,12,27,24,15,17,20,20,1,5,2,19,1/15/17
1/22/17,1,9,58,8,73,3,5,40,18,17,3,85,2,22,9,86,13,48,19,10,3,20,9,11,21,95,47,71,10,25,1,2,2,61,3,16,14,27,31,2,5,21,8,8,17,50,12,30,8,10,3,13,2,3,1,3,1,11,15,15,20,15,19,20,1,4,2,20,1/22/17
1/29/17,1,8,60,8,74,3,5,43,16,19,3,93,2,22,9,86,16,48,19,11,4,20,9,11,25,96,48,77,12,30,1,2,2,61,6,15,18,28,28,3,3,21,9,7,10,39,14,24,9,9,4,12,2,3,1,2,1,6,19,18,12,23,18,13,1,5,3,21,1/29/17
2/5/17,1,8,59,7,69,3,5,40,11,20,3,87,2,20,8,82,12,47,19,11,3,20,9,11,22,96,48,80,10,26,1,3,2,59,4,14,26,21,28,2,6,21,5,12,9,55,11,23,9,11,3,10,2,3,1,2,1,7,27,23,22,23,20,16,0,5,1,17,2/5/17
2/12/17,1,8,58,7,79,3,5,39,13,21,3,88,2,21,7,79,12,46,19,10,3,20,9,12,22,89,47,70,11,26,1,2,2,59,3,19,15,20,36,2,7,22,3,9,10,61,15,21,7,10,3,10,2,4,1,2,1,7,27,21,18,15,31,17,0,8,0,24,2/12/17
2/19/17,1,9,62,7,76,3,5,41,11,20,3,91,2,20,7,82,12,48,19,10,3,20,8,11,20,92,47,64,10,31,1,2,2,62,3,31,35,34,50,2,4,32,9,10,9,62,11,30,8,11,4,13,3,3,1,3,1,14,35,21,19,21,29,16,0,2,4,24,2/19/17
2/26/17,1,9,61,8,70,3,6,42,16,20,3,93,2,19,7,81,12,47,19,11,4,19,9,11,18,95,46,62,9,26,1,3,2,60,4,28,34,43,68,2,5,30,9,11,6,55,10,34,9,14,3,15,3,3,1,3,1,0,17,32,24,20,25,19,1,8,4,36,2/26/17
3/5/17,1,8,62,7,74,3,6,43,12,20,3,89,2,18,7,80,12,48,20,11,4,19,8,11,20,95,48,64,11,27,1,2,2,61,4,31,34,29,55,5,2,30,8,13,9,64,13,22,11,16,4,12,3,2,1,3,1,10,25,25,17,17,32,25,3,14,8,28,3/5/17
3/12/17,1,8,61,6,72,3,5,41,10,19,2,86,2,18,7,76,10,46,17,10,3,19,7,8,18,83,43,63,9,28,1,3,2,60,5,52,37,30,62,2,3,36,5,9,8,64,8,56,9,15,3,11,2,3,1,3,1,5,43,20,15,24,21,26,3,6,6,27,3/12/17
3/19/17,1,8,60,6,72,3,5,42,13,19,3,84,2,16,7,77,11,47,18,10,4,19,8,10,19,90,45,63,11,26,1,2,2,60,5,32,32,34,55,2,5,37,12,11,10,62,10,34,11,14,3,15,4,2,1,2,1,5,29,29,21,32,33,21,2,5,6,45,3/19/17
3/26/17,1,8,61,6,74,3,5,45,13,19,3,86,2,17,6,79,11,46,19,10,4,19,8,9,18,93,46,63,10,28,1,2,2,64,5,24,41,38,71,4,5,35,5,10,13,70,10,24,11,12,4,13,3,2,1,3,1,0,29,24,15,19,26,27,0,5,3,50,3/26/17
4/2/17,1,8,60,6,74,3,5,45,11,20,3,88,2,17,7,77,11,47,18,11,4,18,8,9,20,91,45,65,10,28,1,2,2,65,8,22,29,31,59,2,3,28,6,16,7,81,11,31,14,12,4,11,3,3,1,3,1,10,31,41,22,22,31,21,2,5,11,39,4/2/17
4/9/17,1,7,62,6,75,3,5,43,10,22,3,88,2,19,7,80,11,46,18,10,4,18,8,8,22,87,43,70,9,35,1,2,2,66,5,32,34,42,65,2,5,34,8,11,8,81,7,32,13,14,3,12,3,2,1,3,1,5,40,24,19,23,23,40,2,7,2,38,4/9/17
4/16/17,1,8,61,6,72,3,5,44,10,22,3,87,2,19,7,81,12,45,18,10,4,19,8,9,21,87,44,63,8,28,1,2,2,65,3,28,37,32,56,5,3,38,4,16,6,63,16,36,11,14,3,13,3,3,1,3,1,0,45,29,11,16,21,18,2,2,7,32,4/16/17
4/23/17,1,8,61,6,72,3,6,45,13,19,3,83,2,15,7,82,11,50,21,11,4,19,8,10,21,92,47,63,10,26,1,2,2,65,6,35,36,27,75,5,4,39,9,14,7,62,14,27,16,16,3,16,3,2,1,3,1,11,26,45,19,22,24,22,2,2,7,29,4/23/17
4/30/17,1,8,60,6,75,3,6,46,10,17,3,87,2,14,6,82,11,49,19,10,4,20,8,10,19,91,47,66,9,27,1,2,2,68,7,34,32,21,67,4,3,39,7,13,11,68,12,28,11,13,3,13,3,2,1,3,2,11,26,34,20,16,25,24,2,6,5,37,4/30/17
5/7/17,1,7,61,6,81,3,6,43,10,16,3,85,2,14,6,80,11,47,18,10,4,19,8,10,20,87,45,68,9,26,1,2,2,67,5,24,33,30,63,5,6,32,4,11,8,84,12,30,10,19,2,16,4,3,1,3,1,5,31,19,18,26,26,19,0,5,2,28,5/7/17
5/14/17,1,7,57,5,78,2,5,41,14,14,2,84,2,14,6,78,10,45,16,9,4,18,7,7,23,74,41,63,9,26,1,2,2,63,6,29,29,34,60,1,5,35,15,10,3,57,13,17,9,14,2,13,3,2,1,3,1,6,36,18,11,15,31,14,2,4,8,47,5/14/17
5/21/17,1,6,57,5,74,2,4,40,12,13,2,84,2,15,6,80,11,46,16,9,4,19,7,6,21,71,41,63,9,27,1,1,2,63,4,23,51,28,63,2,4,40,4,14,5,64,6,26,8,15,3,11,3,3,1,4,1,12,18,30,13,18,18,18,2,3,8,41,5/21/17
5/28/17,0,6,55,5,78,2,4,40,10,12,2,88,2,14,6,80,9,44,15,8,4,19,7,5,20,70,38,64,9,33,1,2,1,56,4,23,40,24,65,2,3,35,4,10,8,86,9,24,12,13,3,15,3,3,1,3,1,0,49,26,19,20,19,27,2,3,6,27,5/28/17
6/4/17,1,6,57,5,77,2,4,42,11,14,2,91,2,13,6,80,9,46,15,9,4,18,6,5,21,76,40,65,8,31,1,2,2,60,7,25,26,34,65,5,3,32,5,14,5,73,11,19,8,17,2,13,2,2,1,3,2,0,46,37,21,21,14,29,2,3,7,34,6/4/17
6/11/17,0,6,55,5,80,2,4,42,11,14,1,90,2,13,6,80,8,45,15,9,4,19,6,5,22,73,38,64,8,32,1,2,2,64,3,29,34,33,68,2,5,44,9,11,4,67,9,28,10,13,2,14,3,2,1,3,1,0,21,25,20,28,17,37,2,3,3,42,6/11/17
6/18/17,0,7,54,6,81,2,4,42,11,14,1,88,2,12,6,86,8,48,15,9,4,19,6,4,20,73,40,65,8,35,1,2,2,61,10,31,40,30,61,1,4,41,5,9,7,65,5,28,8,19,2,13,3,3,1,3,1,6,33,27,14,18,18,30,0,5,3,32,6/18/17
6/25/17,0,6,55,5,83,2,4,41,12,13,1,94,2,13,7,81,8,48,15,9,4,20,6,5,20,72,37,66,9,36,1,2,1,63,7,21,33,29,65,2,3,39,3,7,6,75,11,41,11,16,2,11,3,3,1,4,1,14,21,21,16,19,24,50,4,6,5,32,6/25/17
7/2/17,0,6,54,5,87,2,4,39,9,11,1,96,3,12,7,80,8,45,14,8,4,19,7,4,19,68,37,69,8,34,1,2,1,56,9,19,31,28,66,2,6,24,6,12,4,66,6,37,12,15,3,12,3,3,1,2,1,0,19,35,15,20,22,27,0,5,5,22,7/2/17
7/9/17,0,7,54,5,85,2,4,43,11,14,1,96,2,13,7,81,8,49,15,10,4,19,7,4,19,75,38,68,8,32,1,1,2,64,9,23,31,31,65,2,4,35,4,15,2,87,7,19,5,13,1,17,3,2,1,3,2,8,30,38,17,17,23,25,0,5,7,43,7/9/17
7/16/17,0,7,56,5,86,2,4,43,11,14,1,93,2,13,6,82,8,52,15,10,4,19,6,5,21,76,38,66,8,31,1,2,2,60,5,25,36,21,68,2,3,40,4,7,6,75,13,34,13,19,2,14,3,3,1,3,1,0,37,52,10,22,20,26,0,0,7,38,7/16/17
7/23/17,0,7,56,6,87,2,3,42,11,14,1,91,2,13,6,81,8,48,15,9,4,19,6,4,22,76,39,65,9,36,1,1,2,60,6,38,30,35,66,8,1,41,3,8,3,52,9,27,4,17,2,15,3,3,1,4,1,7,26,47,18,31,30,33,2,3,3,31,7/23/17
7/30/17,0,8,55,6,85,2,4,43,14,13,1,96,2,12,6,84,7,46,15,10,4,19,6,4,20,72,38,69,9,36,1,2,2,57,7,61,42,25,86,2,4,27,6,18,8,77,14,29,13,16,3,12,3,3,2,3,1,0,36,32,13,28,11,39,0,5,6,27,7/30/17
8/6/17,0,7,56,5,83,2,4,43,13,12,1,93,2,12,6,78,7,47,15,9,4,19,7,4,22,74,38,67,8,31,1,1,2,58,5,33,19,39,76,3,6,38,9,11,2,72,13,38,9,16,3,16,3,3,1,2,1,7,36,22,16,18,20,30,2,3,6,24,8/6/17
8/13/17,0,6,56,5,80,2,3,42,13,13,2,89,2,12,6,78,8,44,15,9,4,18,6,4,24,68,40,67,9,36,1,1,2,55,2,27,38,29,70,3,1,32,6,8,2,71,8,25,7,14,2,10,3,2,1,3,1,11,28,21,15,28,18,38,4,0,3,25,8/13/17
8/20/17,0,7,54,5,76,2,3,39,12,12,2,83,2,12,6,76,9,44,15,8,4,17,6,6,23,67,39,65,8,34,1,1,2,54,6,33,37,16,60,2,0,28,4,8,7,66,8,40,8,16,3,11,2,2,1,3,1,7,30,34,12,29,21,27,0,3,9,25,8/20/17
8/27/17,0,6,54,5,71,2,4,40,10,13,3,86,2,12,6,87,10,44,16,9,3,17,7,7,23,74,44,65,8,32,1,2,2,53,4,28,31,18,60,2,4,28,7,10,7,57,12,32,11,22,2,11,3,2,1,4,1,0,6,19,15,20,23,27,4,0,3,24,8/27/17
9/3/17,0,7,54,5,69,2,4,35,9,12,3,87,2,12,6,77,10,43,16,9,4,17,7,8,23,70,44,61,8,31,1,2,3,49,5,32,23,20,62,1,3,28,5,5,4,55,14,38,11,11,2,12,2,2,1,2,1,0,49,18,16,22,17,23,0,0,3,27,9/3/17
9/10/17,0,7,58,5,71,3,4,37,11,15,3,100,2,13,6,80,11,45,17,10,4,18,8,10,23,78,46,61,8,28,1,2,3,56,2,27,26,21,58,1,2,24,4,7,10,100,8,35,5,16,2,10,2,3,1,2,1,0,38,13,23,30,20,30,4,0,8,26,9/10/17
9/17/17,1,7,59,5,70,2,5,38,11,15,3,91,2,13,6,79,12,48,18,10,4,19,9,12,24,85,48,65,9,31,1,2,2,82,4,28,33,27,71,3,5,32,4,9,6,71,13,31,14,16,4,11,3,2,1,3,1,0,33,23,14,22,36,26,2,3,6,44,9/17/17
9/24/17,1,8,59,5,71,3,5,38,10,15,3,90,2,14,6,79,12,50,18,10,4,18,9,14,25,88,46,64,9,30,1,8,3,63,4,28,40,28,69,2,3,34,5,13,12,78,12,20,5,18,2,11,2,3,1,3,1,0,51,47,19,27,24,30,0,16,4,34,9/24/17
10/1/17,1,8,60,9,71,3,5,37,11,16,3,91,2,13,6,77,12,55,18,10,4,18,9,15,27,85,45,62,10,28,1,3,2,59,2,25,46,39,63,0,4,32,5,9,7,69,8,40,11,17,3,15,3,3,1,2,1,7,59,26,16,21,24,24,0,7,0,36,10/1/17
10/8/17,1,8,63,7,74,3,5,37,10,16,3,90,2,14,6,76,11,54,19,10,4,19,8,13,24,86,45,66,9,32,1,2,2,56,6,21,35,33,76,3,8,34,2,9,9,63,13,43,7,13,3,17,3,2,1,3,1,10,36,16,18,21,29,25,2,6,3,38,10/8/17
10/15/17,1,8,61,6,73,3,5,38,13,17,3,87,2,14,6,76,12,53,19,10,4,18,8,15,23,89,48,67,8,28,1,5,2,59,2,25,56,27,64,2,2,39,5,14,3,65,10,44,13,19,4,17,4,3,1,3,1,7,38,28,13,32,23,19,0,9,6,34,10/15/17
10/22/17,1,7,60,6,70,3,5,37,13,16,3,85,2,14,6,79,12,51,19,11,4,18,9,13,23,90,47,68,9,26,1,3,2,57,5,20,30,32,74,2,3,37,9,12,7,63,13,46,8,15,4,14,3,3,1,3,1,0,35,46,20,30,27,15,4,6,3,28,10/22/17
10/29/17,1,7,58,6,69,3,5,36,11,16,3,91,2,14,6,78,12,47,19,11,4,18,9,12,26,90,45,71,9,25,1,2,2,56,7,33,32,29,60,6,5,31,4,13,5,73,10,38,12,13,3,12,3,3,0,3,1,7,30,37,22,27,27,24,2,3,3,28,10/29/17
11/5/17,1,7,60,7,71,3,5,37,11,15,3,89,2,14,6,78,11,47,19,10,3,18,9,12,25,88,46,70,8,34,1,3,2,53,5,25,36,28,54,4,4,31,6,9,3,82,10,32,12,11,2,12,3,2,1,4,2,0,23,20,13,24,21,22,0,9,0,23,11/5/17
11/12/17,1,7,61,7,70,3,6,37,12,16,3,88,2,14,6,80,13,47,19,10,3,19,9,13,23,89,47,72,8,26,1,3,2,57,6,37,34,27,58,5,3,26,3,8,6,84,17,54,8,16,3,11,4,3,1,3,2,0,37,41,29,25,22,20,0,6,3,36,11/12/17
11/19/17,0,6,56,5,72,2,5,27,9,11,2,84,2,13,5,73,11,41,14,8,3,15,6,6,22,68,39,83,7,27,1,2,2,42,3,17,40,22,65,3,4,29,2,7,3,63,9,35,7,15,4,12,3,2,1,3,1,0,35,43,13,36,19,17,2,7,3,14,11/19/17
11/26/17,1,8,60,8,65,3,6,37,16,15,3,92,2,15,7,84,14,46,19,11,4,18,9,10,24,93,46,93,8,29,1,2,2,54,10,38,40,49,63,5,6,32,9,11,8,72,21,48,10,18,5,12,3,3,1,3,2,7,57,27,25,47,18,25,2,3,4,42,11/26/17
12/3/17,1,8,60,8,67,3,6,35,14,15,3,89,2,15,7,84,13,46,20,11,3,18,9,11,26,95,47,80,9,25,1,2,2,56,3,31,41,59,62,3,4,38,6,8,7,72,16,36,9,17,5,12,3,3,1,4,1,0,22,22,16,29,21,21,2,7,4,37,12/3/17
12/10/17,1,7,57,8,69,3,6,34,13,14,3,90,2,16,7,86,14,46,19,11,3,17,9,12,26,89,47,83,8,26,1,2,2,53,2,27,28,48,62,2,3,29,7,9,8,78,8,62,11,17,3,12,4,3,1,3,2,10,48,31,16,22,25,34,2,5,3,41,12/10/17
12/17/17,1,7,55,8,75,2,5,31,17,12,2,93,2,15,7,86,11,42,16,10,3,16,7,7,25,72,42,86,8,26,1,3,4,45,4,21,32,38,77,7,4,31,7,5,7,73,14,48,9,17,2,11,3,3,1,2,1,0,44,41,15,27,25,40,2,10,5,28,12/17/17
12/24/17,0,5,54,8,86,2,4,30,11,10,1,86,2,17,7,100,9,40,13,8,3,17,5,3,22,57,37,90,8,27,1,1,2,41,3,26,32,39,95,0,5,22,3,7,4,73,10,50,14,22,3,13,3,3,1,3,1,9,18,18,12,36,11,12,0,6,4,39,12/24/17
12/31/17,0,6,55,10,74,3,4,36,14,11,2,94,2,17,9,99,9,44,16,10,3,17,6,3,23,70,39,82,8,27,1,1,2,50,5,19,40,62,63,5,3,30,11,11,5,68,17,35,12,18,3,10,3,2,1,3,1,0,36,29,10,43,24,23,0,3,3,10,12/31/17
1/7/18,1,7,58,9,71,3,5,40,16,14,3,89,2,16,9,96,11,45,18,10,3,18,7,7,23,82,43,73,9,30,1,1,2,54,2,22,33,45,66,3,3,27,7,15,11,71,7,52,15,21,2,10,3,3,1,4,1,7,34,27,13,27,36,31,2,6,9,31,1/7/18
1/14/18,1,7,58,8,77,3,5,39,19,15,3,89,2,16,9,88,10,45,18,10,3,17,7,8,25,81,44,69,9,32,1,2,2,51,6,21,33,50,75,2,5,32,12,9,8,64,12,36,19,21,4,11,4,2,1,2,1,7,27,50,13,19,27,27,0,3,0,28,1/14/18
1/21/18,1,7,59,9,78,3,5,41,19,17,3,90,2,19,9,87,11,48,20,11,3,18,9,10,26,95,49,73,8,28,1,2,2,59,3,17,43,52,78,2,3,35,8,15,17,72,11,48,20,21,4,13,4,3,1,3,2,7,43,59,27,34,23,20,0,3,3,33,1/21/18
1/28/18,1,8,58,9,73,3,6,42,29,20,3,93,2,22,9,90,11,48,20,11,4,18,9,10,25,94,49,73,11,28,1,2,2,58,5,15,43,56,69,6,9,40,25,9,11,72,15,48,13,23,5,14,4,3,1,3,2,7,44,34,22,19,29,34,0,3,5,36,1/28/18
2/4/18,1,8,60,11,71,3,7,42,100,20,3,93,3,21,8,89,11,53,20,11,4,18,10,11,26,96,45,79,11,26,1,2,2,56,16,35,31,75,63,6,8,39,100,11,9,61,25,49,9,18,4,24,4,3,1,3,2,7,46,43,6,38,26,22,3,3,3,20,2/4/18
2/11/18,1,8,58,8,82,3,7,40,46,21,3,90,3,22,7,85,11,47,18,10,3,18,8,11,27,91,46,72,9,27,1,2,2,57,8,30,47,43,63,2,15,38,21,13,8,67,18,35,13,20,4,14,4,2,1,3,1,0,53,46,16,32,18,31,2,3,6,23,2/11/18
2/18/18,1,8,60,9,77,3,6,41,29,21,2,93,2,20,7,88,10,47,19,10,3,18,8,10,24,88,45,69,8,31,1,2,2,60,7,22,35,28,78,3,3,38,9,11,4,76,12,41,7,25,4,15,4,3,1,3,1,7,81,18,20,26,29,30,0,6,6,44,2/18/18
2/25/18,1,8,62,8,76,3,6,42,36,21,3,98,2,19,7,85,11,49,20,10,4,18,8,11,24,94,48,74,8,27,1,3,2,60,10,19,41,38,52,3,7,43,14,11,11,54,8,33,13,17,4,12,4,3,2,3,1,7,55,40,14,40,21,25,2,10,10,45,2/25/18
3/4/18,1,8,61,7,75,3,6,41,37,19,3,92,2,17,7,82,11,48,19,10,3,18,8,10,24,88,47,70,9,27,1,2,3,59,14,29,31,36,67,0,4,43,22,12,9,52,24,35,19,19,3,14,3,3,1,3,1,8,30,49,23,34,21,34,3,3,8,64,3/4/18
3/11/18,1,7,59,7,78,3,5,40,28,19,2,90,2,17,6,80,10,47,18,10,3,17,7,7,24,84,45,68,8,26,1,2,2,67,8,35,39,28,72,3,4,40,10,9,4,66,12,39,11,19,2,11,5,3,1,3,1,7,47,29,19,30,22,23,0,0,3,51,3/11/18
3/18/18,1,8,61,7,77,3,5,42,38,18,2,88,2,17,6,81,10,48,19,10,4,18,7,9,26,85,46,66,8,26,1,2,2,63,10,30,41,44,62,3,4,48,14,9,2,72,13,41,11,17,3,12,4,3,1,3,1,7,33,44,16,26,26,31,4,6,8,52,3/18/18
3/25/18,1,7,61,7,82,3,6,43,39,18,2,90,3,16,6,84,10,51,18,9,4,18,7,7,25,83,45,68,8,36,1,2,2,71,6,35,41,38,74,2,3,48,14,16,2,69,19,33,8,18,4,18,3,3,1,3,2,8,35,27,20,31,24,30,5,3,7,40,3/25/18
4/1/18,1,8,61,7,78,3,5,45,53,20,2,95,3,17,7,82,10,50,18,10,4,18,7,8,25,86,45,70,8,29,1,2,2,63,13,14,40,40,70,9,4,45,27,14,10,58,11,37,9,20,3,16,4,3,1,3,2,0,34,42,14,24,21,15,0,5,5,52,4/1/18
4/8/18,1,8,62,6,73,3,6,45,40,22,3,93,2,19,7,84,10,49,19,11,4,18,8,9,30,89,47,70,8,28,1,2,2,59,14,29,40,30,63,3,5,42,11,15,8,64,16,36,9,16,3,14,3,5,1,3,1,0,68,38,17,22,23,23,0,3,8,31,4/8/18
4/15/18,1,8,60,6,76,3,6,44,30,23,2,92,2,20,6,84,11,49,19,11,4,18,8,8,29,88,46,68,8,30,1,2,2,63,5,31,43,30,72,3,2,42,13,15,6,60,10,30,15,17,2,14,4,3,1,3,1,0,59,37,23,18,18,28,2,3,5,34,4/15/18
4/22/18,1,8,61,6,75,3,6,44,31,18,3,88,2,15,6,81,10,49,20,10,4,18,8,10,27,87,46,67,8,28,1,2,2,55,7,27,25,26,64,2,7,48,19,12,4,73,5,23,12,15,6,11,4,2,1,3,1,11,49,23,16,27,29,24,2,3,3,30,4/22/18
4/29/18,1,8,60,6,77,3,6,45,29,17,3,95,2,14,6,85,10,48,19,10,4,18,8,10,26,84,47,67,7,28,1,2,2,64,4,21,42,27,78,3,4,40,5,12,7,61,6,25,8,18,4,12,3,4,1,3,2,0,67,47,19,28,20,22,0,3,7,35,4/29/18
5/6/18,1,7,61,6,81,3,6,41,29,16,3,88,2,14,6,82,10,48,19,10,4,19,7,9,27,82,45,70,7,30,1,2,2,56,8,27,42,34,75,2,6,40,13,15,5,74,9,45,11,14,2,12,4,2,1,3,1,16,51,39,19,34,23,36,2,3,5,48,5/6/18
5/13/18,1,7,62,6,80,2,5,41,26,15,2,91,2,13,6,80,12,46,17,9,4,19,7,7,28,74,43,74,8,32,1,2,1,55,8,31,46,30,89,5,5,38,4,8,7,74,9,32,7,14,2,12,3,2,1,3,1,8,43,47,14,40,20,24,0,7,0,23,5/13/18
5/20/18,1,7,60,5,77,2,5,40,26,15,2,89,2,13,6,81,10,47,17,9,5,19,6,7,26,70,41,75,8,29,1,1,1,55,6,21,31,26,77,2,2,40,7,10,12,65,17,26,11,16,2,14,5,3,1,2,2,9,60,21,16,26,25,35,0,9,0,26,5/20/18
5/27/18,1,6,58,5,82,2,5,41,26,13,2,90,2,13,6,81,9,48,16,8,4,18,6,5,24,69,39,74,7,31,1,2,3,51,16,16,36,29,88,2,7,34,11,11,5,57,10,27,18,14,2,12,5,2,1,4,1,0,22,31,15,36,17,29,3,4,4,31,5/27/18
6/3/18,1,7,55,6,79,2,4,41,26,14,2,92,2,13,6,80,8,48,16,9,5,18,6,5,24,70,40,70,7,30,1,2,2,53,5,27,40,43,75,6,9,38,6,10,6,58,20,20,15,15,4,19,4,4,1,2,1,0,33,21,18,35,18,35,0,5,0,31,6/3/18
6/10/18,1,7,57,6,85,2,4,42,27,15,1,93,2,12,6,80,8,47,16,9,4,18,6,5,26,73,40,77,8,31,1,1,2,57,5,31,49,38,65,4,3,42,6,12,2,70,11,37,6,15,2,12,3,2,1,2,1,0,25,25,17,32,20,33,0,4,4,41,6/10/18
6/17/18,1,7,55,6,88,2,4,41,31,14,1,93,2,13,6,84,7,48,16,9,4,18,6,5,24,77,39,73,8,31,1,1,2,55,4,32,44,31,89,5,3,40,16,11,2,53,10,20,13,20,1,10,4,4,1,2,1,0,36,44,12,27,20,32,0,7,4,19,6/17/18
6/24/18,1,7,55,5,89,2,4,42,32,14,1,93,2,12,6,79,7,47,16,9,4,19,6,4,24,73,38,71,8,31,1,1,2,56,17,34,41,39,89,0,2,44,7,6,4,80,15,26,15,10,2,13,4,3,0,3,1,0,26,13,13,30,20,20,0,4,4,36,6/24/18
7/1/18,1,6,53,5,91,2,4,40,23,11,1,96,3,12,6,81,7,46,14,8,4,19,5,4,23,66,39,73,9,32,1,1,2,47,13,22,33,32,77,2,0,34,10,5,3,70,5,25,8,12,3,13,5,2,1,3,1,9,31,13,11,26,12,19,0,0,0,28,7/1/18
7/8/18,1,7,55,5,88,2,4,44,29,14,1,96,2,13,7,80,8,48,16,9,4,19,6,4,24,73,40,76,7,31,1,1,2,54,8,20,37,25,100,4,11,49,7,12,7,75,20,20,10,19,3,14,5,4,1,3,1,9,26,21,16,41,12,18,0,8,4,28,7/8/18
7/15/18,1,7,56,5,88,2,4,44,26,14,1,92,2,13,6,82,7,50,15,9,4,18,6,4,27,72,38,76,8,35,1,2,2,55,13,22,43,33,63,3,3,37,8,11,4,57,14,19,9,19,2,16,4,3,1,2,2,0,30,17,11,28,29,44,0,8,4,34,7/15/18
7/22/18,1,7,59,6,91,2,5,44,28,14,1,90,2,13,6,81,7,49,18,9,4,18,6,4,24,75,38,74,8,32,1,1,2,54,7,35,50,29,97,4,2,45,10,11,4,65,15,26,14,15,2,18,5,3,1,2,1,9,60,39,8,45,30,39,0,4,4,30,7/22/18
7/29/18,1,7,56,6,88,2,4,47,26,14,1,97,2,13,6,82,7,47,17,9,4,18,6,4,23,73,38,73,8,32,1,1,2,58,12,35,31,38,73,4,6,44,15,8,5,63,4,29,11,16,3,12,4,3,1,4,1,9,53,35,11,38,23,31,3,0,4,41,7/29/18
8/5/18,1,7,55,6,87,2,4,44,23,13,1,93,2,13,6,79,7,48,16,9,4,18,6,4,26,70,38,75,8,31,1,1,9,58,15,38,38,29,80,3,5,43,9,10,3,51,13,30,9,16,1,15,4,3,1,3,1,18,39,48,11,28,23,24,0,6,4,31,8/5/18
8/12/18,1,7,57,6,88,2,4,46,26,13,2,93,2,13,6,80,8,52,17,9,4,18,7,4,28,69,43,72,9,34,1,2,2,55,6,37,39,32,61,2,4,54,12,10,8,77,18,31,12,17,2,15,3,3,1,3,1,0,36,72,8,25,16,40,0,0,8,42,8/12/18
8/19/18,1,7,57,6,82,2,4,42,26,13,2,89,2,13,5,77,9,51,18,9,4,18,6,6,30,70,43,72,8,36,1,2,2,54,19,32,29,36,74,4,8,42,5,5,9,89,12,33,17,16,2,15,6,3,1,3,1,9,49,36,16,35,22,47,4,4,8,23,8/19/18
8/26/18,1,7,56,7,78,2,5,41,28,13,3,88,2,13,5,79,11,50,19,9,4,18,8,7,29,73,43,71,8,36,1,2,20,54,3,30,50,37,68,2,7,50,3,12,5,58,14,28,10,14,3,17,4,3,1,2,1,0,17,35,25,26,20,27,3,4,8,15,8/26/18
9/2/18,1,7,59,7,80,2,5,37,20,14,3,89,2,13,5,82,11,49,19,9,4,18,8,8,30,73,44,70,8,32,1,2,7,50,8,36,48,29,60,2,6,38,5,9,5,60,16,32,10,15,3,15,3,2,1,2,1,0,50,50,15,34,27,39,3,0,4,13,9/2/18
9/9/18,1,8,58,7,72,2,5,37,22,15,3,87,2,13,6,77,11,50,20,10,3,18,8,10,29,79,44,67,8,35,1,2,5,51,16,32,32,50,62,3,7,37,6,9,15,47,9,30,8,17,2,14,4,3,1,2,1,0,49,19,24,23,17,37,2,0,10,25,9/9/18
9/16/18,1,8,59,8,76,3,5,38,25,16,3,84,2,14,6,79,12,51,20,10,4,18,8,13,29,81,46,69,8,31,1,2,5,54,11,39,43,37,72,3,4,33,6,12,16,62,13,39,9,16,4,11,4,3,1,2,1,8,52,16,23,35,27,33,2,3,5,21,9/16/18
9/23/18,1,8,60,7,74,3,5,37,23,15,3,83,2,13,5,77,12,51,20,9,4,18,9,13,32,79,47,68,9,27,1,2,3,52,12,25,28,44,71,4,5,31,5,9,9,71,16,36,16,16,3,13,4,3,1,2,1,8,48,12,27,21,18,32,2,0,5,32,9/23/18
9/30/18,1,8,61,7,75,3,6,37,25,15,3,87,2,13,6,81,12,62,20,10,4,18,8,14,32,80,46,69,9,29,1,2,6,58,3,16,46,49,64,6,3,39,10,8,12,78,14,38,19,15,3,18,4,3,1,1,2,0,45,49,19,35,33,26,0,5,4,16,9/30/18
10/7/18,1,7,59,8,76,2,6,37,43,15,3,88,3,14,6,81,12,58,19,10,4,18,8,13,30,81,44,71,8,38,1,2,2,66,9,28,47,75,60,3,7,48,27,9,7,62,20,39,18,15,4,18,4,3,1,3,2,0,32,24,23,29,24,21,2,11,4,46,10/7/18
10/14/18,1,8,59,7,74,3,5,37,37,16,3,84,2,13,6,79,11,55,20,10,4,17,8,13,28,82,44,74,8,26,1,2,2,86,13,21,40,51,71,5,3,48,14,12,13,66,13,38,12,13,5,17,5,3,1,3,1,0,38,34,19,26,19,18,5,0,0,56,10/14/18
10/21/18,1,8,58,7,72,3,6,37,43,15,3,81,2,13,6,82,11,56,19,10,4,17,8,12,29,83,43,70,8,24,1,2,2,56,10,33,30,51,72,6,6,50,22,12,9,56,8,25,8,19,2,16,3,3,0,3,1,0,74,49,29,21,24,26,5,4,0,25,10/21/18
10/28/18,1,7,59,6,73,3,6,37,41,15,3,84,2,13,6,81,12,51,20,10,3,17,8,12,31,82,44,71,8,25,1,2,2,54,11,33,53,49,54,4,7,40,13,9,7,55,17,38,7,15,2,14,4,3,2,2,1,8,59,46,19,29,19,20,3,6,0,31,10/28/18
11/4/18,1,7,60,6,73,3,6,38,34,14,3,83,2,13,6,79,11,49,20,9,3,18,9,11,33,83,43,74,8,27,1,2,3,53,18,26,33,23,68,2,3,38,13,12,5,59,12,21,8,17,3,12,4,2,0,2,1,7,53,32,15,26,18,27,2,3,9,30,11/4/18
11/11/18,1,7,58,6,72,2,6,36,36,14,2,85,2,13,6,79,12,49,18,9,3,17,8,10,29,78,44,75,9,33,1,2,2,50,14,29,50,47,62,2,6,43,11,9,4,62,16,40,17,16,3,16,4,2,1,3,1,0,54,25,22,33,19,29,3,4,7,31,11/11/18
11/18/18,1,6,56,5,74,2,5,28,33,11,1,81,2,13,5,74,11,43,14,7,3,15,6,6,26,62,36,97,7,28,1,1,2,46,6,36,34,39,67,5,8,36,23,10,4,40,11,33,11,13,5,14,4,3,1,3,1,0,84,30,18,27,23,32,0,0,0,22,11/18/18
11/25/18,1,8,60,6,67,3,6,37,37,15,2,88,2,15,7,82,13,50,18,9,3,17,8,10,29,83,43,92,8,27,1,2,2,56,11,27,42,42,72,3,2,40,19,12,14,78,20,46,8,20,4,17,4,4,1,2,1,0,50,33,14,24,23,25,3,4,4,31,11/25/18
12/2/18,2,8,60,6,70,3,6,36,48,15,3,88,3,14,7,83,15,48,19,9,3,17,9,10,28,87,44,86,8,35,1,2,3,55,12,31,34,40,78,3,3,35,29,12,8,85,18,33,19,16,4,15,4,3,1,3,2,0,54,25,20,38,41,52,0,5,4,31,12/2/18
12/9/18,1,8,60,6,75,3,6,36,47,14,3,87,2,14,7,86,13,48,19,9,3,16,9,11,29,83,44,90,8,27,1,2,2,61,21,40,40,51,75,4,3,40,13,12,8,58,13,30,9,14,4,12,3,2,1,3,1,9,65,35,12,36,29,22,3,8,4,44,12/9/18
12/16/18,2,7,57,8,79,2,5,32,64,13,2,88,2,15,7,87,12,46,16,8,3,15,7,7,29,70,39,93,8,28,1,2,2,51,38,30,39,70,64,11,8,39,32,13,8,76,21,47,15,22,3,17,3,4,2,3,1,0,52,38,23,35,17,27,4,0,0,44,12/16/18
12/23/18,1,6,52,8,91,2,4,28,77,8,1,83,3,16,7,84,9,39,12,6,3,16,5,2,26,50,32,100,8,31,1,1,2,43,38,24,45,54,84,5,3,34,35,8,5,56,21,48,10,19,2,17,4,2,2,5,1,11,74,45,16,42,9,29,0,5,5,23,12/23/18
12/30/18,1,7,56,7,89,2,4,35,56,12,1,92,2,17,8,87,8,44,15,7,3,18,5,3,28,61,36,86,8,32,1,1,1,50,14,37,29,34,82,2,4,36,25,8,6,52,16,37,16,16,2,14,3,3,1,4,1,10,64,59,16,31,19,25,3,4,0,39,12/30/18
1/6/19,1,8,58,7,77,3,5,40,53,15,3,87,2,18,9,88,10,48,18,9,3,19,7,6,33,74,42,82,9,28,1,2,2,64,15,34,30,37,74,8,4,42,17,14,9,69,9,52,11,16,4,14,4,3,1,3,1,0,80,25,14,37,26,31,3,7,4,35,1/6/19
1/13/19,1,8,58,7,77,3,5,41,45,16,3,87,2,18,9,85,11,49,19,9,3,18,7,7,31,80,43,78,8,28,1,2,2,74,15,33,35,40,68,0,3,47,20,11,7,69,11,42,15,17,2,14,4,4,2,3,1,0,67,54,20,33,19,35,3,6,0,100,1/13/19
1/20/19,1,8,58,6,80,3,5,39,39,15,3,88,2,18,9,85,10,49,19,9,3,18,8,7,33,82,42,78,8,36,1,2,2,59,10,26,41,25,62,2,2,40,14,14,8,61,15,45,10,19,2,11,4,2,1,3,2,0,54,75,19,26,35,43,3,4,7,52,1/20/19
1/27/19,1,8,58,7,75,3,5,41,41,18,3,92,2,20,8,86,10,53,20,10,3,18,8,8,29,84,45,75,8,28,1,2,2,62,8,29,56,37,62,4,6,43,16,26,8,53,10,35,11,15,3,21,5,4,1,3,1,0,75,54,18,23,30,33,0,4,9,46,1/27/19
2/3/19,1,8,59,7,74,2,6,40,36,19,3,93,2,21,8,84,11,52,20,10,3,18,8,9,27,90,45,81,8,28,1,2,2,60,8,28,35,41,63,0,5,44,9,16,8,65,15,43,6,15,4,15,5,2,1,3,1,8,57,53,19,31,15,34,2,7,4,50,2/3/19
2/10/19,1,10,59,6,87,3,6,39,38,20,3,92,2,21,7,87,11,48,20,10,3,19,8,10,28,85,44,82,8,28,1,2,3,62,16,22,41,35,55,0,5,45,11,16,7,47,6,42,5,16,3,14,5,3,1,2,1,8,50,38,19,25,23,25,0,0,6,50,2/10/19
2/17/19,1,8,60,6,80,3,6,41,33,20,2,93,2,22,7,85,10,48,19,10,3,19,8,10,28,89,42,77,7,35,1,2,2,60,10,29,38,29,86,2,3,36,9,15,12,70,12,48,8,20,3,13,4,3,1,2,1,0,80,50,14,37,25,43,5,0,4,31,2/17/19
2/24/19,1,8,60,7,77,3,6,41,36,20,3,93,2,19,7,86,11,50,20,10,3,19,8,9,31,87,45,73,8,27,1,2,2,59,19,38,31,34,61,2,3,56,12,11,7,53,16,43,8,16,4,11,4,4,1,3,1,0,52,48,17,23,22,21,2,4,0,37,2/24/19
3/3/19,1,8,61,6,80,3,6,42,35,19,2,92,2,17,6,83,11,65,19,10,3,19,8,9,27,84,45,73,7,27,1,2,2,60,21,36,43,42,69,6,2,56,13,21,2,71,9,31,10,15,2,20,4,3,1,3,1,0,43,30,14,22,22,28,3,11,0,40,3/3/19
3/10/19,1,8,59,7,78,3,5,40,32,19,2,90,2,17,6,81,10,53,18,10,4,18,7,8,29,80,43,81,7,26,1,33,2,57,16,16,48,35,63,2,2,36,10,16,8,53,13,30,7,17,2,18,5,2,1,3,1,8,54,41,25,42,21,24,3,31,7,40,3/10/19
3/17/19,1,8,61,7,81,3,5,42,35,18,2,88,2,16,6,81,11,52,19,10,4,17,7,8,32,80,44,71,7,27,1,7,2,57,20,36,37,44,58,2,3,49,11,9,8,86,10,30,8,15,3,20,4,3,1,3,1,0,100,26,17,34,19,34,0,15,4,33,3/17/19
3/24/19,1,7,61,7,79,3,6,44,34,18,2,90,2,16,6,80,10,51,19,10,4,17,7,7,28,82,45,73,9,28,1,4,2,56,36,34,33,28,64,5,7,46,13,17,8,74,19,43,8,17,4,16,5,3,1,2,3,0,54,22,15,25,19,22,0,10,4,24,3/24/19
3/31/19,1,8,60,6,76,3,6,46,35,19,2,94,2,17,6,84,10,57,19,11,4,17,7,7,27,86,44,71,8,28,1,3,2,59,10,22,46,41,63,5,9,35,10,10,7,72,7,41,18,17,2,14,4,4,1,3,1,9,54,32,10,36,25,19,5,16,4,52,3/31/19
4/7/19,1,8,62,6,74,3,6,44,32,22,3,92,2,19,6,83,11,51,20,11,4,17,8,7,25,88,45,71,7,30,1,4,2,58,36,23,38,30,53,5,4,47,6,14,8,64,16,47,13,22,4,14,4,2,1,2,1,0,32,28,25,36,25,48,0,8,0,51,4/7/19
4/14/19,1,7,62,6,78,3,6,42,29,21,2,90,2,18,6,85,11,49,19,10,4,16,7,8,27,78,41,71,7,37,1,3,2,53,13,36,37,37,55,10,3,54,7,11,21,63,8,42,9,19,4,14,4,3,1,3,1,0,59,27,11,32,18,26,4,10,0,46,4/14/19
4/21/19,1,8,61,6,74,3,6,44,31,18,2,90,2,14,6,82,12,50,20,11,4,17,7,8,27,83,43,70,7,31,1,3,2,54,11,52,44,37,68,5,4,47,6,12,7,73,11,33,15,16,3,18,4,4,1,3,1,0,64,37,17,20,17,36,6,8,0,28,4/21/19
4/28/19,1,8,65,6,76,3,7,45,30,18,3,94,2,14,6,87,11,50,20,10,4,18,8,9,26,84,45,71,7,30,1,3,2,54,18,44,42,26,65,4,7,46,6,14,9,62,13,33,11,15,2,17,4,4,1,3,1,0,41,14,18,22,21,36,0,8,8,46,4/28/19
5/5/19,1,7,65,6,83,3,6,42,45,16,2,90,2,13,6,82,11,49,19,9,4,17,7,8,26,80,46,72,7,37,1,2,2,54,14,24,46,39,66,2,2,39,15,11,8,65,11,34,12,17,3,11,4,3,1,3,0,9,93,9,18,31,10,38,3,6,4,55,5/5/19
5/12/19,1,7,62,6,81,3,5,42,51,15,2,90,2,13,6,84,10,50,18,9,4,18,7,7,24,74,56,70,7,30,1,2,2,55,17,30,39,42,82,2,3,36,28,17,8,79,12,27,8,22,3,13,3,3,1,4,0,19,75,28,19,27,10,20,3,8,4,41,5/12/19
5/19/19,1,7,60,5,77,2,5,41,37,14,2,89,2,13,6,87,9,50,17,9,4,17,7,6,24,68,54,69,7,34,1,2,2,52,11,41,34,22,60,3,5,52,13,15,3,65,14,30,4,20,2,14,5,3,0,3,1,9,75,47,20,36,22,26,0,4,0,29,5/19/19
5/26/19,1,6,57,5,79,2,4,40,33,12,2,91,2,13,6,83,8,47,16,8,4,17,6,5,25,61,48,71,7,32,1,2,1,49,17,27,40,22,64,4,0,40,24,9,3,65,12,29,8,15,3,13,4,3,1,4,1,0,34,29,26,32,20,26,0,0,4,42,5/26/19
6/2/19,1,7,57,5,78,2,4,42,42,14,1,95,2,13,6,81,8,51,16,9,5,17,6,5,25,64,45,74,8,30,1,2,2,53,13,30,47,27,57,4,4,46,15,9,7,71,11,29,14,15,2,14,4,3,1,3,1,0,50,36,24,35,24,31,0,6,0,36,6/2/19
6/9/19,1,5,58,4,100,2,4,31,5,7,1,71,2,12,7,79,8,44,15,6,4,18,5,3,24,49,42,90,6,28,1,2,2,30,0,0,53,,,,,,,,0,92,23,46,0,34,0,10,3,0,0,3,0,0,80,0,49,73,0,0,0,0,35,0,6/9/19